2406 3580
520 326 650 393 242
1005 293 1313 373 Ethrusc.
1331 298 1568 405 Antiq.
1585 300 1848 407 Fragm.

580 426 711 472 Viros
731 425 942 472 lacrimari
954 421 1142 470 dedecet
1151 453 1165 477 ‚
1186 419 1309 485 quod
1321 420 1576 468 feminarum
1597 424 1824 488 proprium
1835 456 1849 471 .

581 495 643 539 Vt
662 495 705 539 in
725 490 906 541 aduersis
916 490 1132 539 adiuueris
1145 523 1158 546 ,
1179 490 1223 536 in
1242 487 1456 555 prosperis
1469 490 1560 552 alijs
1580 489 1816 538 commoda
1826 526 1839 538 .

581 564 630 607 In
653 559 808 608 eadem
819 562 945 627 culpa
966 558 1025 608 est
1044 558 1116 623 qui
1127 556 1367 610 succurrere
1378 559 1569 626 perituro
1589 559 1755 625 potest,
1777 565 1821 608 &
1841 576 1931 609 non
1950 558 2172 623 succurrit,
2193 563 2275 613 in..

510 644 596 693 qua
617 631 692 694 qui
711 629 934 677 hominem
954 626 1186 677 occiderit.

577 700 716 744 Diues
726 714 816 745 non
828 698 888 745 est
899 700 974 764 qui
985 697 1151 745 diuitias
1161 691 1349 760 poffidet
1358 728 1372 754 ‚
1391 693 1461 744 sed
1472 697 1547 764 qui
1558 695 1673 746 bene
1686 693 1840 761 diuitijs
1849 699 1975 747 vtitur
1984 733 1997 746 .

578 769 797 816 Memoria
807 766 1124 815 beneficiorum
1135 778 1289 812 aeterna
1301 764 1367 813 fit.

578 837 666 899 Qi
687 834 833 901 potest
844 837 1066 902 corrigere
1079 847 1334 899 peccantem
1346 867 1359 890 ‚
1377 837 1421 882 &
1432 850 1522 883 non
1533 834 1708 901 corrigit
1718 868 1732 892 ,
1754 832 1946 884 eiusdem
1957 834 2079 900 culpg
2092 833 2143 884 fit
2151 852 2247 885 reus
2261 872 2274 884 .

577 903 717 966 Bestig
729 905 953 953 hominum
965 901 1088 953 causa
1099 915 1304 969 generate
1317 901 1432 957 sunt3
1443 903 1641 952 homines
1650 937 1664 962 ‚
1675 918 1721 953 vt
1731 904 1821 970 aliJs
1831 903 2082 954 hominibus
2089 905 2271 971 profint.

575 973 666 1035 Qi
686 973 912 1026 hominem
931 973 1049 1023 laedit
1058 1006 1071 1030 ,
1082 984 1231 1019 contra
1241 986 1436 1019 naturam
1448 970 1566 1019 facit.

383 1056 428 1103 A
576 1043 677 1106 Ego
688 1044 855 1091 Ennius
866 1041 1087 1091 Fidentius
1107 1038 1385 1088 Dorchethes
1404 1039 1605 1106 approbo
1616 1074 1626 1084 .

579 1109 679 1174 Ego
692 1115 903 1160 Mecenas
917 1112 1115 1161 Cecinna
1126 1109 1404 1157 Vulterranus
1415 1108 1617 1174 approbo
1628 1145 1640 1158 .
1697 1106 1699 1109 ’

580 1181 680 1244 Ego
691 1180 847 1231 Gelius
857 1181 1066 1249 Egnatius
1075 1183 1399 1226 Beneuentanus
1406 1213 1421 1237 ,
1441 1183 1647 1236 Senator,
1658 1182 1703 1226 δε
1724 1179 2004 1230 Dorchethes
2015 1177 2220 1246 approbo
2230 1214 2243 1228 .

580 1249 681 1312 Ego
691 1248 813 1298 Titus
825 1251 1034 1299 Socchius
1046 1246 1280 1296 Asculanus
1290 1281 1303 1293 .

580 1318 680 1380 Ego
691 1319 824 1366 Caius
835 1315 1074 1367 Roldescus
1083 1316 1278 1382 patritius
1289 1313 1622 1365 Mediolanensis
1633 1318 1765 1365 Lucio
1775 1317 1915 1366 Farfio
1934 1315 2132 1380 Prefefto
2145 1315 2170 1363 ὲ
2183 1316 2290 1383 8)]1-»“ί

509 1382 548 1429 la
561 1382 707 1505 {eficiso
719 1384 975 1456 subrogatus
995 1387 1272 1437 Clementem
1292 1385 1521 1435 Alnotium
1541 1388 1788 1438 Arretinum
1809 1385 2064 1456 Magistrum
2084 1386 2274 1454 Collegij
2288 1390 2290 1401 ⁴

509 1468 565 1505 60
631 1469 728 1502 rmo
738 1489 752 1506 .

376 1740 417 1789 Β
1247 1605 1463 1851 Ῑῐῐ

661 1932 764 1998 Ego
774 1934 922 1982 Accer
931 1933 1085 1985 Gesius
1097 1934 1248 1986 Scriba
1262 1937 1478 2006 subscripfi
1497 1955 1613 1988 anno
1624 1936 1893 1986 Vulterranae
1906 1932 2108 1987 Ciuitatis

1201 2024 1270 2056 610
1282 2025 1349 2058 cio
1359 2025 1588 2073 lOCCLXX)x.

511 2137 605 2262 P
616 2135 811 2187 Raeclare
821 2137 998 2204 quidem
1010 2143 1196 2193 maiores
1207 2144 1339 2194 nostri
1351 2147 1499 2195 omnia
1508 2146 1798 2194 instituerunt:
1811 2142 1882 2193 sed
1893 2142 1995 2191 illud
2005 2145 2048 2191 in
2059 2144 2221 2209 primis,
2232 2159 2278 2192 vt

650 2207 824 2272 Collegi
827 2210 842 2269 j
856 2207 987 2256 nostri
999 2212 1207 2276 Magister
1228 2216 1412 2279 primurn
1432 2215 1530 2281 post
1549 2213 1803 2263 Praefecstum
1821 2214 1970 2262 locum
1990 2212 2211 2267 obtineat,
2232 2218 2279 2262 &

509 2270 691 2320 summis
700 2273 941 2324 honoribus
953 2276 1218 2343 digniffimus
1229 2282 1575 2350 habeaturzquod
1585 2281 1795 2349 prudeter
1803 2281 1960 2330 factum
1970 2282 2104 2329 nullus
2114 2282 2185 2339 est,
2205 2283 2279 2348 qui

511 2357 676 2417 negare
688 2342 964 2392 audeat-nam
977 2347 1062 2396 hoc
1074 2348 1222 2398 summi
1235 2351 1470 2410 honoris‚&
1479 2354 1627 2418 gloriae
1642 2352 1861 2416 exemplar
1870 2353 2084 2400 intuentes
2096 2348 2280 2416 discipu-

513 2410 540 2455 11
557 2425 707 2457 natura
719 2413 834 2459 auidi
847 2413 1113 2482 honoris‚qui
1127 2418 1187 2465 est
1199 2421 1357 2468 virtutis
1367 2424 1589 2487 praemium
1600 2455 1614 2478 ,
1633 2420 1799 2468 auidius
1810 2421 2012 2467 virtutem
2034 2421 2276 2483 inquirant:

367 2493 414 2541 c
510 2492 556 2526 at
566 2476 622 2525 ne
633 2516 647 2536 ,
658 2482 733 2542 qui
745 2481 801 2528 ad
812 2496 976 2530 tantum
989 2484 1200 2535 honorem
1214 2488 1398 2554 eligitur,
1416 2489 1614 2554 indignus
1624 2488 1893 2538 alicuivideri
1909 2484 2063 2554 poffit‚
2074 2486 2280 2537 statutum

510 2544 573 2594 est
582 2580 595 2603 ‚
610 2561 655 2594 vt
668 2545 692 2594 3
705 2565 890 2613 quatuor
902 2551 1169 2603 Doctisfimis
1181 2559 1280 2605 viris
1292 2591 1304 2615 ‚
1317 2561 1392 2624 qui
1409 2558 1685 2607 Dorchethes
1696 2557 1913 2609 dicuntur,
1931 2554 2039 2603 idest
2051 2561 2276 2621 Augurum

507 2614 811 2679 prudentiores
822 2652 835 2675 ‚
850 2621 965 2683 prius
977 2623 1260 2689 approbetur,
1272 2625 1321 2675 vt
1331 2626 1431 2673 inde
1447 2625 1471 2673 :1
1482 2627 1686 2675 Praefecsto
1696 2625 1998 2674 confirmetur·
2036 2629 2135 2690 Ego
2147 2627 2276 2690 igitur

507 2681 710 2759 statutum
721 2684 806 2733 hoc
821 2689 1085 2752 approbans,
1098 2698 1143 2740 δε
1154 2694 1471 2744 commendans
1482 2730 1496 2748 ,
1509 2711 1557 2744 vt
1568 2695 1721 2751 decet,
1731 2695 1821 2742 haec
1841 2691 1964 2740 vobis
1974 2709 2181 2758 propono
2191 2727 2205 2751 2
2227 2708 2276 2742 vt

503 2751 690 2799 videatis
702 2786 715 2810 ,
725 2768 865 2802 vtrum
877 2756 1013 2806 Esaris
1023 2760 1179 2810 eleffio
1189 2762 1237 2810 fit
1246 2763 1531 2830 approbanda
1542 2799 1558 2818 ,
1569 2779 1612 2812 vt
1621 2763 1771 2830 postea
1782 2761 2102 2809 confirmanda:
2115 2762 2237 2827 quod
2245 2761 2277 2811 fi

493 2833 628 2867 vtanto
640 2819 808 2898 honore
820 2822 979 2890 dignus
987 2828 1193 2890 videbor,
1203 2849 1285 2897 pro
1296 2833 1455 2881 viribus
1467 2832 1683 2890 conabor,
1694 2847 1739 2880 vt
1749 2830 1905 2879 cleerio
1914 2864 1927 2887 ,
1940 2829 2213 2895 approbatio,
2227 2836 2275 2879 &

501 2888 780 2937 confirmatio
793 2895 1010 2956 optimum
1023 2895 1249 2948 sortiantur
1259 2898 1461 2949 effecium
1472 2921 1485 2958 3
1498 2919 1597 2950 nam
1607 2902 1651 2948 in
1661 2898 1881 2950 monendo
1893 2897 2054 2947 sedulus
2065 2918 2078 2953 3
2098 2901 2143 2945 in
2165 2916 2273 2963 prae·

481 2923 708 3097 icipiendo
719 2957 900 3026 diligens
911 2987 928 3015 s
936 2964 980 3012 in
991 2963 1197 3017 docendo
1208 2969 1436 3020 indefessus
1446 2971 1491 3019 id
1502 2968 1690 3020 efficiam
1700 3004 1716 3029 ,
1735 2984 1784 3019 vt
1794 2968 1967 3018 Esarem
1986 2965 2272 3033 Magistrum..

502 3024 690 3077 habuiffe
700 3061 714 3086 ,
725 3031 938 3095 poeniteat
947 3035 1170 3084 neminem
1181 3072 1191 3081 .

2027 3123 2198 3165 Omnes
