2406 3580
502 274 632 370 184
977 273 1283 350 Ethrusc.
1301 274 1538 375 Antiq.
1557 275 1818 378 Fragm.

562 403 711 465 Langij
725 398 748 446 a
760 397 1013 463 Gargitibus
1023 400 1252 463 pecuniam
1265 399 1492 462 recipiant,
1505 403 1549 445 &
1560 396 1724 444 soluant
1736 398 1777 443 in
1790 397 1993 447 omnibus
2004 389 2264 463 Reipublieg

498 466 811 517 necessitatibus
821 501 834 524 ,
846 474 890 515 &
899 464 1057 514 vfibus.
1093 464 1413 531 Magistratibus
1424 465 1627 514 omnibus
1637 500 1650 522 ,
1663 464 1838 532 aliisque
1848 501 1861 523 ,
1885 484 2070 533 quorum
2095 485 2264 534 opera...
2283 505 2285 507 ·

499 536 761 602 Respublica
772 538 898 582 vtitur
908 534 1127 592 ,laborum
1142 533 1313 581 suorum
1324 536 1501 598 praemia
1520 534 1779 583 retribuant:
1808 541 1851 583 &
1862 535 2015 601 postea
2037 535 2266 586 Arunensi-

498 607 576 654 bus
587 605 641 653 de
654 603 1020 652 administratione
1035 605 1248 651 rationem
1260 602 1444 650 reddant
1459 638 1470 650 .

567 676 698 739 Spugi
708 707 721 730 ,
732 689 780 721 vt
790 672 951 722 cibaria
961 673 1107 719 onmia
1120 670 1246 737 aequo
1259 706 1271 729 ,
1285 678 1328 719 &
1339 670 1581 719 rationabili
1593 672 1737 736 pretio
1750 670 2064 729 venundentur,
2079 687 2238 720 curent
2252 707 2263 720 .

564 744 842 790 Barcouietus
856 739 1139 788 aLucumone
1151 741 1354 805 eligatur,
1376 738 1400 787 εὶ
1412 745 1569 790 Senatu
1589 739 1869 789 confirmetur
1878 757 1891 797 5
1914 756 2056 800 curet,
2078 740 2134 790 ne
2146 742 2266 789 Ciui-
2283 773 2285 775 .

498 825 560 859 tas
572 810 774 859 frumenti
786 845 798 867 ,
809 811 919 866 vini,
933 810 1046 866 olei,
1058 814 1102 856 ἃ
1114 809 1295 856 aliorum
1309 823 1440 874 egeat
1453 844 1464 856 .
2040 853 2046 856 ,

563 880 823 929 Salinatores
835 876 902 926 sex
913 877 991 925 sint
1002 879 1143 942 patriti
1147 882 1159 938 j
1171 912 1183 934 ,
1195 876 1258 925 sex
1270 878 1501 943 populares
1513 896 1525 932 3
1537 879 1614 944 qui
1625 877 1829 927 omnibus
1841 877 2263 934 Ciuitatibus,Colo-
2283 939 2287 941 Β

498 951 598 1012 nijs,
608 946 837 1013 castristlue
850 945 1116 994 Thuscorum
1128 945 1182 993 sal
1195 944 1464 993 distribuant:
1476 947 1598 1000 item,
1611 954 1656 996 &
1667 948 1775 1009 alijs,
1788 949 1863 1014 qui
1881 963 2026 995 emere
2039 948 2211 999 volunt,
2224 953 2268 996 &

497 1017 666 1085 fingulis
678 1015 890 1064 mensibus
899 1017 1073 1080 Langijs
1084 1017 1311 1079 pecuniam
1325 1014 1531 1062 reddant.
1567 1018 1739 1063 Horum
1763 1018 1998 1064 auctoritas
2018 1032 2157 1082 penes
2179 1010 2268 1062 sali-

499 1104 574 1135 nas
584 1121 597 1144 ,
609 1092 654 1135 &
666 1084 720 1133 sal
730 1081 890 1133 summa
904 1083 948 1132 sit
969 1102 979 1131 ε
993 1082 1247 1133 Praefectum
1258 1082 1348 1131 salis
1360 1085 1403 1131 in
1415 1082 1570 1131 Castro
1584 1084 1816 1131 Salinarum
1827 1117 1841 1144 ,
1855 1087 2084 1134 Praetorem
2096 1082 2186 1132 salis
2197 1119 2210 1143 ,
2223 1091 2269 1133 &

498 1152 721 1204 salinarum
733 1155 776 1202 in
790 1155 980 1201 Ciuitate
992 1153 1153 1218 eligant
1162 1187 1177 1206 ,
1189 1169 1301 1218 quos
1312 1155 1538 1200 Lucumon
1551 1151 1799 1200 confirmet.

565 1229 793 1272 Senatores
805 1238 958 1270 omnes
968 1220 1046 1269 fint
1056 1238 1108 1269 ex
1118 1221 1351 1278 nobilibus,
1364 1238 1550 1285 quorum
1562 1236 1764 1285 parentes
1776 1224 2004 1269 Senatores
2005 1245 2022 1273 ,-
2034 1235 2106 1268 aut
2121 1218 2268 1269 saltem

499 1293 555 1341 de
567 1292 720 1341 ordine
733 1290 931 1357 equestre
942 1308 1023 1356 per
1033 1305 1209 1338 centum
1219 1307 1355 1340 annos
1367 1289 1519 1338 fuerint
1528 1315 1543 1342 ,-
1553 1305 1602 1336 ex
1613 1290 1809 1355 legitimo
1823 1290 2100 1337 matrimonio
2114 1292 2268 1345 nati3&

498 1361 745 1428 vigesimum
755 1362 954 1425 quintum
968 1361 1101 1407 aetatis
1111 1358 1189 1407 suae
1197 1375 1354 1407 annum
1366 1360 1600 1424 attingant:
1613 1375 1760 1406 verum
1773 1374 1862 1405 non
1874 1360 1991 1424 prius
2015 1360 2125 1406 inter
2138 1363 2270 1407 Sena-

500 1446 618 1478 tores
629 1431 779 1495 aliquis
792 1427 1074 1485 adscribatur,
1094 1444 1225 1494 quam
1238 1444 1290 1476 ex
1301 1429 1500 1495 quatuor
1511 1442 1598 1474 tres
1620 1442 1790 1491 patrum
1815 1441 1962 1491 partes
1975 1425 2246 1475 consentiant
2256 1462 2269 1476 .

571 1502 746 1547 Senatus
756 1499 953 1563 legitimo
965 1495 1120 1544 ordine
1131 1530 1144 1554 ,
1155 1502 1198 1544 &
1209 1512 1389 1544 numero
1402 1510 1691 1561 congregatus
1702 1492 1830 1561 poffit
1839 1495 1959 1560 leges
1971 1494 2270 1562 ferre,legatos

504 1569 688 1624 mittere,
701 1573 744 1614 &
760 1565 949 1632 denique
960 1563 1168 1614 summam
1179 1566 1477 1613 auctoritatem
1489 1564 1648 1612 habeat
1658 1565 1700 1610 in
1714 1564 1988 1611 Vulterranos
1998 1597 2012 1621 ,
2024 1569 2067 1611 &
2078 1565 2270 1630 populos

505 1635 737 1688 subiectos,
749 1653 895 1683 verum
910 1652 959 1682 ex
970 1633 1103 1681 tribus
1115 1633 1202 1681 duo
1215 1634 1501 1680 conueniant.
1539 1632 1708 1680 Bellum
1720 1633 1815 1683 face
1823 1649 1867 1679 re
1885 1665 1899 1690 ,
1912 1638 1957 1681 &
1969 1632 2108 1681 foedus
2119 1636 2266 1683 inire-a

502 1702 661 1769 absque
675 1704 862 1765 Concilij
873 1703 1100 1751 Generalis
1111 1700 1316 1748 consensu
1328 1718 1416 1748 non
1432 1700 1576 1766 potest
1588 1736 1600 1747 .

567 1777 615 1819 ln
628 1769 875 1820 arduisfimis
886 1769 1012 1819 rebus
1021 1769 1234 1818 vniuersus
1244 1770 1431 1834 populus
1443 1771 1675 1817 conueniat
1685 1794 1700 1820 ,-
1713 1769 1799 1816 hoc
1811 1766 1872 1816 est
1884 1769 2003 1818 ciues
2016 1771 2270 1838 omnes,qui

499 1840 745 1906 vigesimum
756 1842 926 1888 tertium
937 1856 1094 1887 annum
1105 1839 1423 1903 compleuerint
1433 1857 1447 1896 5
1459 1844 1502 1886 &
1513 1837 1589 1884 sint
1601 1839 1732 1886 animi
1742 1853 1989 1904 compotes,
2002 1855 2055 1886 ex
2065 1840 2264 1905 legitimo

501 1913 616 1958 coitu
632 1911 718 1955 nati
731 1943 744 1966 ,
756 1909 825 1957 vel
837 1908 984 1956 saltem
995 1909 1220 1974 legitimati
1234 1942 1246 1954 .
1694 1929 1699 1932 ·

567 1977 712 2038 Scribe
725 1977 801 2025 sint
825 1976 911 2024 duo
922 2011 935 2034 ,
946 1993 1050 2024 Vnus
1067 1980 1250 2024 Senator
1259 2009 1272 2032 ,
1289 1976 1364 2040 qui
1376 1973 1600 2044 scripturas
1619 1990 1772 2022 omnes
1792 1973 2009 2024 custodire
2028 1991 2255 2035 teneatur5

499 2047 607 2094 alter
617 2048 809 2110 patritius
820 2080 832 2103 ,
847 2043 973 2110 aquo
986 2050 1160 2093 Senatus
1172 2044 1505 2091 deliberationes
1518 2043 1798 2091 adnotentur.

567 2113 781 2180 Equestris
792 2113 904 2162 ordo
916 2113 971 2160 ab
983 2112 1183 2161 omnibus
1195 2109 1346 2175 officijs
1356 2147 1368 2169 ,
1382 2118 1426 2160 &
1437 2110 1643 2159 oneribus
1656 2126 1879 2177 exemptus
1899 2110 1946 2160 sit
1965 2145 1978 2159 .

568 2188 714 2248 Eques
727 2186 868 2231 omnis
879 2199 1040 2247 equum
1053 2215 1065 2239 ,
1076 2187 1119 2229 δι
1130 2180 1277 2229 saltem
1289 2196 1374 2228 tres
1387 2181 1540 2228 milites
1551 2181 1665 2227 alere
1677 2195 1876 2228 teneatur
1886 2215 1898 2227 .

570 2253 819 2318 Collegium
832 2253 1038 2316 Equitum
1050 2268 1100 2297 ex
1111 2265 1283 2297 centum
1296 2250 1606 2314 quinquaginta
1620 2249 1834 2316 equitibus
1846 2248 1918 2299 fit:
1931 2248 2056 2298 huius
2077 2250 2264 2299 auetori-

502 2336 564 2368 tas
575 2355 587 2378 ,
600 2327 644 2369 δε
658 2322 888 2385 imperium
899 2322 1013 2367 circa
1025 2335 1141 2365 arma
1153 2353 1165 2376 ,
1179 2324 1221 2366 &
1234 2319 1427 2364 militiam
1442 2316 1630 2366 versatur
1643 2350 1652 2359 ·

569 2394 617 2436 M
623 2389 823 2454 agistrum
835 2392 1041 2454 Equitum
1054 2387 1185 2451 eligat
1194 2421 1207 2442 ,
1220 2404 1354 2452 quem
1366 2388 1590 2433 Lucumon
1601 2385 1736 2433 debet
1746 2383 2020 2441 confirmare3
2035 2386 2104 2433 hic
2118 2388 2262 2436 militi-

500 2456 581 2505 bus
592 2457 795 2505 omnibus
806 2460 993 2522 imperet
1005 2474 1017 2511 5
1030 2455 1084 2502 ne
1097 2455 1198 2520 quid
1210 2457 1335 2512 noui,
1346 2469 1415 2502 aut
1427 2455 1651 2502 tumultum
1664 2453 1840 2520 aliquod
1853 2456 2014 2502 oriatur
2023 2470 2145 2503 curet
2160 2475 2172 2511 5
2186 2473 2262 2504 na-

503 2529 618 2573 uium
628 2526 857 2574 Praefectos
867 2525 1075 2581 instituat,
1087 2541 1196 2590 quos
1208 2525 1454 2588 Collegium
1468 2525 1670 2589 Equitum
1685 2522 1943 2571 confirmare
1966 2537 2158 2581 tenetur,
2180 2541 2260 2590 po.

502 2593 588 2641 stea
598 2597 824 2643 Lucumon
838 2598 1073 2642 :Praetores
1084 2627 1100 2646 ,
1111 2599 1153 2640 &
1165 2592 1359 2640 tribunos
1371 2592 1550 2638 militum
1562 2626 1574 2648 ,
1586 2598 1630 2640 &
1641 2593 1931 2639 Centuriones
1943 2609 2090 2640 creare
2103 2592 2236 2641 debet
2248 2611 2262 2649 ;

502 2679 650 2709 verum
662 2662 763 2710 belli
777 2663 896 2711 ducis
905 2697 919 2715 5
930 2668 974 2710 &
987 2663 1131 2728 magni
1143 2662 1338 2709 Nauium
1352 2663 1558 2709 Ducitoris
1577 2661 1733 2708 elestio
1752 2659 1809 2707 ad
1829 2664 2030 2708 Senatum
2052 2664 2239 2726 pertinet
2249 2697 2260 2710 .

503 2729 711 2795 Magister
722 2749 863 2779 autern
877 2732 1082 2779 Vulterrae
1094 2729 1260 2796 semper
1271 2744 1458 2789 maneat,
1470 2735 1513 2778 &
1525 2729 1703 2796 quando
1714 2745 1825 2796 opus
1836 2730 1916 2779 erit
1926 2727 2015 2778 tam
2025 2729 2127 2779 belli
2143 2729 2258 2786 duci,

503 2798 634 2867 quam
646 2802 841 2847 Nauium
853 2800 1021 2848 ducitori
1033 2800 1187 2847 milites
1197 2798 1390 2864 adsignet
1403 2833 1415 2846 .

572 2869 613 2915 Si
625 2868 732 2934 quid
744 2869 897 2916 milites
909 2870 1145 2916 errauerint
1156 2865 1179 2916 a
1191 2866 1399 2932 Magistro
1410 2867 1642 2933 puniantur
1651 2900 1664 2913 .

569 2938 630 2984 Vt
638 2938 823 3002 populus
832 2972 845 2995 ,
858 2944 903 2985 δε
922 2936 1073 3003 plebes
1085 2935 1180 2985 suos
1193 2935 1462 3001 Magistratus
1473 2934 1631 2982 habeat
1639 2968 1652 2992 ,
1664 2950 1826 3001 equum
1838 2933 1922 2985 effe
1934 2934 2104 2984 videtur
2117 2951 2130 2989 3
2148 2938 2193 2982 ὅ(
2204 2933 2256 2983 fi.

502 3021 573 3054 cut
583 3006 764 3072 populus
775 3007 816 3052 in
829 3021 1015 3072 quatuor
1024 3005 1180 3054 Tribus
1191 3004 1341 3054 diuisus
1351 3004 1425 3063 est,
1436 3006 1493 3052 ita
1503 3019 1689 3071 quatuor
1698 3006 1896 3072 Collegia
1909 3006 2154 3069 o&uaginta
2172 3002 2256 3063 bo,

2033 3106 2187 3141 norum
