2406 3580
755 311 955 388 Liber
992 317 1361 398 Secundus.
1763 352 1860 415 153

184 441 246 488 eff
257 439 435 505 Qintus
443 439 636 484 Seruilius
677 473 680 476 >
702 468 715 480 .
782 468 800 489 ,
867 470 881 483 .
950 470 963 483 .
1029 451 1149 503 atque
1159 438 1260 484 ciues
1269 443 1433 487 Romani
1441 475 1456 494 ,
1467 445 1536 507 qui
1551 461 1637 490 cum
1649 462 1689 489 eo
1697 458 1806 491 erant
1824 479 1836 490 .
1855 479 1867 491 .

187 542 198 553 .
265 539 281 553 .
519 520 645 552 contra
713 537 727 550 .
1177 541 1188 550 .
1321 513 1443 556 Roma
1512 545 1522 555 .
1660 547 1674 560 .

174 575 314 638 fracta
326 596 340 621 :
357 579 499 622 cuncta
510 580 768 623 Romanorum
836 607 847 618 .
916 606 925 616 .
997 607 1010 619 .
1080 606 1092 617 .
1158 577 1364 640 Campania
1373 576 1596 643 depopulata
1663 616 1675 628 .
1743 615 1755 627 .

191 643 252 706 (ᾤ’
266 645 368 689 inter
435 678 449 692 .
521 670 533 688 a
600 677 611 687 .
682 675 693 686 .
761 647 1018 688 Romanorum
1088 673 1096 682 ·
1169 678 1180 688 .
1251 677 1260 687 .
1349 646 1548 693 concidunt
1616 683 1627 693 .
1696 685 1706 694 .
1858 684 1868 694 .

186 746 198 757 .
268 746 279 756 .
349 745 360 757 .
428 712 556 775 ‘vfijtbe
563 711 604 755 in
612 711 771 758 Latium
780 710 1030 772 excurstonem
1032 706 1192 769 faciunt
1202 746 1211 755 .
1245 712 1331 757 Sed
1337 714 1454 760 Caius
1462 717 1626 762 Marius
1635 716 1720 764 dux
1730 724 1871 767 Roma-

185 797 321 827 norum
331 797 469 843 magna
479 781 561 824 licet
557 781 722 841 ficorum
732 779 884 824 iao'lura
895 796 954 822 eos
964 777 1109 842 repellit
1110 803 1125 829 ,-
1130 778 1266 824 deinde
1278 787 1449 829 Romana
1459 783 1625 847 obfident
1633 805 1676 831 ca
1682 790 1718 832 ξῖ
1719 804 1762 833 ra
1780 804 1871 832 exer

185 848 349 913 citumcj.
359 849 499 894 iterum
498 846 695 909 fundunt.
707 847 863 911 Reliqui
870 845 1014 898 Italici,
1025 846 1382 914 Galliciquepopuli,
1390 866 1522 916 prater
1530 871 1644 918 quam
1655 855 1870 916 Thusci‚con

187 931 250 962 tra
259 922 446 964 Romanos
455 933 563 962 arina
574 929 741 961 mouent:
753 915 879 960 multa
891 920 1145 962 Romanorum
1153 916 1265 961 coloni
1265 935 1287 977 f
1285 920 1388 979 sunt
1397 918 1604 982 deuaft'atp
1613 958 1627 976 ‚
1662 925 1744 970 Soli
1757 925 1869 970 Lati-

185 986 229 1030 ni
240 984 427 1031 Romanis
434 1001 535 1049 opem
532 983 676 1046 ferunt
677 984 812 1048 ,quare
807 982 1104 1043 foederatorum,
1102 984 1334 1052 sociorumq'.
1344 1002 1459 1033 extra
1476 991 1635 1037 Italiam
1644 992 1791 1037 auxilia
1803 1010 1873 1037 ex-

183 1053 373 1118 postulant
384 1075 400 1103 5
412 1070 573 1118 quorum
584 1052 742 1114 auxilijs
752 1051 881 1097 adiuti
899 1053 1066 1100 Romani
1084 1071 1134 1097 ex
1143 1052 1407 1118 laocpericulofii
1415 1055 1555 1120 bellose
1565 1061 1871 1124 eripiunt-natm

187 1121 322 1183 Marsi
381 1154 392 1164 .
463 1155 474 1165 .
543 1155 554 1165 .
623 1155 634 1165 .
702 1121 1040 1185 dati'52acceptisq3
1050 1119 1222 1166 cladibus
1232 1124 1257 1167 εὶ
1266 1125 1354 1176 Caio
1362 1126 1498 1172 Mario
1506 1160 1522 1179 ,
1538 1129 1654 1173 Lucio
1674 1134 1845 1174 Murena
1857 1161 1872 1180 ,

188 1189 329 1234 Caecilio
338 1187 542 1250 Pinna&
552 1190 668 1234 Lucio
676 1187 1070 1250 Portioffiinduntum·
1083 1191 1192 1234 Galli
1201 1193 1447 1257 Tranfizlpini
1456 1195 1481 1239 ιέ
1489 1196 1577 1240 Caio
1589 1201 1617 1240 C
1616 1195 1724 1254 ⁶ecilio
1735 1231 1745 1240 .
1754 1202 1809 1243 M
1812 1213 1873 1241 ar-

187 1258 312 1304 rucini
319 1258 346 1301 ἆ
356 1259 493 1303 Seruio
503 1258 668 1322 Sulpitio
678 1291 694 1310 2
728 1263 757 1302 C
760 1276 851 1302 neus
860 1258 1058 1320 Pompeius
1068 1258 1248 1319 Asculum
1258 1277 1447 1326 recuperat
1458 1296 1468 1307 .
1504 1262 1676 1309 Tandem
1696 1270 1739 1311 V
1731 1265 1851 1310 effini
1857 1297 1873 1316 ,

187 1332 246 1380 W
258 1325 408 1389 Peligni
417 1341 543 1390 pacem
553 1327 671 1371 inuiti
676 1340 810 1390 petunt
821 1347 834 1370 .·
846 1327 937 1370 item
948 1324 1099 1371 vmbri
1105 1325 1152 1370 ab
1162 1328 1314 1372 Aurelio
1382 1362 1393 1374 .
1464 1364 1474 1374 .
1545 1364 1558 1376 .
1628 1366 1638 1376 .
1686 1332 1847 1397 Hirpini
1858 1365 1874 1384 ,

189 1399 213 1439 I
213 1411 237 1438 a
234 1409 262 1459 p
259 1394 357 1456 ygij,
370 1392 429 1455 Θ·
441 1395 640 1440 Samnites
649 1396 675 1439 ἆ
684 1395 795 1441 Lucio
805 1394 915 1457 Sylla
924 1393 979 1439 ad
984 1409 1112 1458 pacem
1115 1395 1322 1459 petendam
1332 1400 1455 1444 coacti
1466 1420 1480 1444 .·
1493 1413 1661 1445 attamen
1677 1401 1876 1446 Samnites

187 1480 263 1508 non
272 1463 513 1527 acquiescunt
522 1496 533 1508 .
557 1464 737 1527 Reliquos
746 1466 841 1509 ‘vero
852 1463 973 1508 Italos
980 1461 1036 1506 ad
1042 1461 1144 1510 idem
1153 1469 1319 1510 Marcus
1331 1466 1521 1513 AEmilius
1530 1469 1709 1533 compellit
1719 1504 1728 1513 .
1738 1475 1877 1515 Traces

180 1529 328 1596 pluries
338 1536 362 1576 I
363 1530 491 1577 talicis
489 1534 688 1597 superatis
697 1532 740 1576 in
748 1531 1022 1581 Macedoniam
1025 1530 1321 1595 progrediuntur
1332 1557 1346 1581 ,·
1358 1534 1558 1599 ‘vluiquam
1565 1537 1753 1600 plurimas
1774 1538 1878 1582 Ciui-

187 1612 289 1645 tates
299 1615 514 1665 expugnant
524 1634 539 1653 2
549 1602 699 1664 agr‹1sq,·
712 1598 972 1665 depraedantur
980 1633 995 1652 2
1004 1597 1062 1654 fd
1072 1598 1272 1661 deuaslant
1284 1636 1293 1645 .
1304 1608 1402 1648 Cum
1411 1618 1540 1649 autem
1538 1607 1730 1666 sociorum
1744 1603 1878 1651 bellum

189 1666 356 1733 desqffe't,
361 1669 484 1714 maius
494 1667 685 1733 quoddam
693 1671 792 1713 inter
801 1669 932 1713 Caium
941 1674 995 1715 M
999 1666 1202 1725 arium&
1213 1672 1376 1717 Lucium
1386 1674 1489 1736 Sylla
1494 1690 1546 1723 m,;
1556 1674 1625 1738 qui
1632 1673 1792 1720 Italiam
1803 1691 1879 1718 om-

188 1753 273 1781 nem
280 1737 322 1781 in
324 1750 457 1801 partes
466 1737 582 1800 diuis
575 1751 696 1783 erant.
710 1742 739 1781 C
741 1737 851 1798 onfiil
857 1738 1014 1799 igiturS
1006 1738 1089 1799 ylla
1098 1743 1151 1781 M
1155 1739 1372 1785 arianorum
1372 1740 1506 1802 furore
1516 1747 1667 1788 coac‘Zus
1677 1741 1733 1786 ad
1738 1742 1880 1787 exerci-

190 1817 275 1850 tum
282 1805 323 1850 in
331 1806 532 1852 Samnites
541 1804 720 1869 confugit,
730 1823 842 1869 quem
852 1811 1012 1852 Romam
1024 1803 1155 1852 duxit.
1167 1808 1352 1854 Marium
1362 1808 1452 1855 inde
1461 1828 1544 1854 cum
1543 1812 1637 1872 suis
1645 1829 1694 1856 ex
1689 1811 1880 1875 pellit2qui

186 1875 275 1938 poft
282 1872 404 1918 multa
412 1873 644 1919 incommoda
651 1875 694 1919 in
705 1872 881 1935 Africam
887 1873 1128 1938 progreditur
1137 1908 1148 1919 .
1160 1882 1183 1921 I
1183 1877 1318 1922 nterim
1329 1882 1417 1923 Rex
1435 1880 1552 1925 Ponti
1560 1879 1795 1926 Mitridates
1814 1880 1879 1925 Bi-

191 1940 314 2000 thinie
325 1958 481 2003 regnum
490 1975 503 1998 ,
518 1940 577 2003 ff
589 1947 619 1987 C
620 1961 643 1986 a
639 1943 823 2007 ppadociae
832 1942 989 1988 inuadit
998 1964 1012 1988 :
1033 1944 1239 1989 exercitum
1247 1945 1426 1992 Italicum
1433 1979 1447 2003 ‚
1459 1964 1573 2011 quem
1582 1950 1744 1994 Marcus
1754 1948 1882 2011 Aqui-

190 2008 267 2055 lius
276 2008 438 2055 ducebat
434 2012 556 2075 super
624 2044 635 2054 .
703 2045 715 2054 .
785 2045 795 2055 .
865 2045 876 2055 .
942 2006 1000 2066 (d
1010 2011 1052 2057 in
1060 2011 1258 2075 Phrigiam
1327 2047 1340 2060 .
1407 2050 1418 2059 .
1491 2048 1505 2061 .
1574 2049 1587 2062 .
1656 2050 1669 2063 .
1739 2017 1880 2062 iterum

185 2077 401 2142 profhgatos
410 2079 602 2124 exercitus
671 2112 684 2125 .
754 2113 767 2125 .
835 2112 848 2125 .
918 2113 931 2125 .
1001 2114 1015 2125 .
1086 2094 1262 2147 occupata
1286 2083 1389 2146 Asiae
1405 2096 1495 2147 part
1584 2119 1597 2132 .
1632 2118 1646 2135 .
1715 2119 1728 2132 .

192 2144 251 2206 Θ*
260 2153 305 2191 H
307 2165 325 2190 o
360 2182 372 2193 .
441 2181 454 2192 .
525 2181 535 2190 .
605 2180 615 2189 .
686 2179 696 2189 .
766 2181 778 2192 .
844 2148 993 2212 potitur
1061 2181 1072 2193 .
1141 2184 1154 2198 .
1225 2184 1235 2195 .
1307 2185 1316 2194 .
1386 2151 1520 2197 ,Italos
1531 2169 1685 2205 omnes,
1707 2153 1825 2217 quiin
1836 2171 1880 2198 ea

191 2215 333 2276 regione
343 2228 450 2259 erant
460 2230 540 2261 ‘vno
552 2215 613 2260 die
624 2214 794 2260 trucidat
862 2250 874 2261 .
1013 2250 1026 2262 .
1095 2251 1108 2264 .
1177 2251 1191 2264 .
1258 2217 1348 2264 inde
1357 2217 1535 2269 Rhodum
1553 2220 1703 2285 aggreff
1700 2225 1747 2265 us
1766 2237 1881 2285 expu-

185 2296 284 2345 gnat
353 2317 363 2326 .
435 2316 446 2326 .
516 2317 527 2327 .
596 2317 608 2328 .
678 2317 688 2326 .
755 2283 957 2346 Phrigiam
1026 2320 1036 2329 .
1104 2320 1117 2330 .
1188 2318 1198 2329 .
1267 2320 1278 2330 .
1348 2322 1359 2331 .
1427 2322 1441 2334 .
1475 2306 1560 2333 cum
1570 2289 1703 2335 Italic«)
1713 2290 1880 2334 exercitu

191 2350 331 2411 confert
340 2369 479 2396 manus
491 2385 504 2403 ‚
516 2365 599 2396 tum
608 2353 764 2403 reuerti,
781 2371 824 2396 ac
833 2351 957 2398 cedere
968 2354 1113 2416 cogitur
1126 2375 1139 2399 .·
1151 2354 1192 2398 in
1201 2355 1385 2400 Graeciam
1394 2357 1585 2401 exercitus
1603 2358 1733 2402 mittit
1733 2382 1749 2409 ,ς
1771 2358 1880 2403 Atti-

191 2437 271 2464 cam
283 2421 469 2482 regionem
482 2434 630 2484 occupat
639 2444 653 2470 ,-
666 2420 839 2465 Athenas
849 2435 1056 2486 expugnas,-
1066 2436 1192 2467 contra
1200 2423 1459 2469 Mitridatem
1478 2426 1620 2470 Lucius
1639 2424 1750 2489 Sylla
1766 2443 1881 2471 cuma

192 2489 362 2533 exercitu
371 2487 499 2552 missus
508 2489 597 2548 i'nu't
607 2488 804 2549 confh'fft'iis
813 2512 829 2539 ,-
841 2490 1016 2535 Athenas
1025 2489 1160 2553 obsidet
1169 2493 1266 2555 capit
1277 2527 1285 2534 .
1298 2492 1532 2537 Mitridatis
1538 2495 1728 2539 exercitus
1748 2495 1774 2539 ἆ
1783 2498 1881 2540 Tra-

194 2555 298 2600 cibus
306 2555 464 2600 adiutus
473 2563 526 2602 M
528 2557 742 2602 acedoniam
753 2575 895 2602 omnem
904 2558 1060 2603 inuadit
1060 2558 1216 2609 3deinde
1226 2566 1261 2604 T
1262 2559 1451 2624 heffaliam
1454 2559 1661 2626 progreffiis
1671 2580 1755 2607 cum
1765 2568 1790 2607 I
1791 2561 1881 2607 tali-

194 2624 249 2667 cis
257 2624 416 2669 dimicat
425 2623 474 2669 ab
484 2625 568 2688 ipfis
592 2640 775 2691 uperatur
784 2659 798 2677 ,
807 2627 876 2689 qui
883 2628 1000 2671 etiam
1012 2630 1139 2673 caflra
1150 2625 1354 2692 diripiunt:
1368 2628 1489 2691 igitur
1496 2635 1547 2674 M
1553 2628 1730 2675 itridatis
1738 2631 1882 2676 exerci-

197 2704 264 2735 tus
276 2692 501 2755 profligatus
519 2696 569 2754 est
579 2728 589 2737 .
636 2695 796 2740 Pontini
805 2693 861 2738 ad
866 2694 1177 2740 Ghetlyomeniam
1189 2729 1204 2747 2
1214 2695 1270 2757 Θ*
1280 2696 1504 2742 Thoromam
1514 2695 1663 2743 duobus
1681 2698 1882 2764 yraelzjspe-

196 2759 306 2804 nitus
307 2758 529 2819 funduntur
540 2794 555 2813 ,
567 2760 626 2823 (ψ’
635 2762 733 2808 Itali
742 2764 885 2807 illorum
893 2762 995 2828 claſj‘e
999 2767 1202 2828 potiuntur
1269 2798 1280 2809 .
1351 2799 1362 2810 .
1433 2799 1445 2811 .
1523 2782 1755 2832 queportum
1776 2785 1882 2814 recu-

191 2841 330 2891 perant
338 2864 348 2874 .
385 2828 620 2875 Mitridates
691 2865 700 2874 .
820 2861 821 2864 =
840 2865 852 2876 .
989 2866 998 2875 .
1135 2866 1146 2876 .
1292 2867 1303 2877 .
1372 2833 1414 2878 in
1424 2833 1554 2897 Afiam

197 2913 321 2940 omnes
333 2896 536 2949 Ciuitates,
546 2896 700 2961 qtiffiib
711 2898 899 2943 Italorum
911 2896 1053 2944 ditione
1064 2914 1172 2946 erant
1181 2903 1325 2947 ‘vastat
1394 2934 1404 2945 .
1473 2936 1484 2946 .
1554 2936 1568 2948 .
1606 2937 1615 2947 .
1622 2917 1832 2967 pugnatum
1839 2903 1882 2947 in

198 2963 425 3010 Macedonia
423 2966 520 3029 ſsepi
544 2967 631 3011 ime:
636 2971 772 3012 Traces
779 2968 794 3010 i
795 2981 919 3011 terum
929 2969 970 3012 in
979 2969 1243 3013 Macedoniam
1252 2969 1515 3033 excurst'onem;
1532 2969 1592 3032 ψ
1597 2973 1668 3017 cito
1676 2972 1723 3015 ab
1732 2971 1881 3016 Italicis

198 3030 435 3078 debellantur
446 3066 455 3075 .
489 3033 621 3079 Italici
628 3033 716 3078 inde
720 3038 809 3099 pofi‘
817 3036 955 3080 eiectos
963 3042 1099 3081 Traces
1108 3037 1148 3080 in
1158 3043 1194 3082 A
1196 3038 1286 3102 fiam
1286 3037 1599 3103 progrediuntur,
1610 3039 1778 3103 multasq
1788 3062 1803 3089 ,-
1817 3040 1881 3084 Ci-

1715 3123 1814 3167 uita-

137 3183 2113 3218 mm
