2406 3580
745 289 944 366 Liber
997 279 1358 377 Secundus.
1807 336 1887 380 111

147 436 237 466 rum
248 417 371 482 plebs
384 414 602 482 indignata
614 431 730 462 arma
741 412 824 459 sum
828 414 928 478 ps1t2·
947 432 1047 463 cum
1070 419 1287 467 nobilibus
1307 420 1546 468 decertauit
1555 455 1570 474 ,
1590 426 1666 487 qui
1690 427 1865 489 Vultraij
1879 461 1893 484 ‚

147 486 285 533 Castri
297 485 529 533 Salinarum
540 517 553 541 ,
565 489 608 531 δι
619 483 829 529 Cocciani
839 484 1046 531 colonum
1066 503 1153 550 ope
1173 491 1356 535 victores
1376 487 1566 536 fuerunt:
1589 507 1736 538 verum
1749 494 1894 558 plebei

146 556 201 602 ad
213 553 447 618 Templum
461 554 550 599 Iani
561 548 763 598 secessere
775 583 787 606 ,
799 549 946 615 ibique
963 556 1159 601 Concilia
1171 555 1411 603 habebant:
1426 556 1675 606 inferiorem
1695 578 1895 625 parterm.

150 622 278 670 Vrbis
289 621 441 687 plebes
452 621 696 684 occupauit3
708 617 877 666 nobiles
890 635 1035 667 autem
1048 620 1328 686 superiorem.
1345 624 1490 672 Plebei
1503 628 1629 691 igitur
1639 630 1801 676 Pailum
1812 633 1896 679 Ni-

149 709 271 756 grum
283 724 295 747 ,
309 696 353 737 δέ
363 689 507 736 Titum
520 706 530 733 :
543 689 738 734 Alerium
749 689 933 751 Legatos
945 687 998 734 ad
1010 692 1236 739 Romanos
1249 694 1591 750 mittunt‚eorum
1604 698 1800 746 auxilium
1815 700 1896 744 im-

151 761 366 824 plorantes
375 791 387 814 ,
399 756 555 822 quibus
566 754 832 821 perbenigne
843 758 1042 821 receptis,
1053 759 1166 805 Aulo
1178 762 1385 808 Cornelio
1397 765 1571 810 Praetori
1582 769 1814 830 negocium
1825 766 1896 814 de-

152 827 384 880 mandatur3
397 826 470 889 qui
482 841 580 870 cum
592 824 838 870 Vulterram
850 839 1023 887 peteret
1033 843 1166 892 ,equo
1180 827 1366 876 deiectus
1377 831 1516 894 interi)
1522 847 1551 886 t3
1564 834 1606 878 in
1618 836 1734 881 cuius
1745 835 1892 882 locum

155 901 235 943 Cn.
249 893 400 941 Fabius
412 888 601 940 successit
612 909 624 946 3
635 891 704 938 hic
717 890 771 937 ab
782 892 899 938 Aulo
910 896 1083 952 Mauro,
1093 895 1146 941 ali
1148 894 1264 961 jsque
1273 897 1489 946 nobilibus
1505 900 1732 951 iuuenibus
1749 917 1897 950 contra

151 963 324 1029 plebem
338 962 567 1009 coniuratis
580 959 657 1006 fuit
667 957 848 1006 occisus:
863 966 1291 1027 quapropteriterum
1303 982 1401 1012 cum
1414 965 1541 1030 plebe
1554 967 1803 1018 dimicatum
1817 970 1894 1017 est.-

151 1030 300 1096 plebes
312 1027 416 1077 verb
431 1027 620 1093 superior
631 1027 706 1075 fuit
716 1027 775 1074 ob
790 1029 1102 1078 multitudinem
1114 1050 1126 1087 3
1138 1033 1227 1097 eiq3
1237 1033 1413 1081 tandem
1433 1037 1665 1099 optimates
1676 1038 1897 1086 concesse-

150 1118 194 1147 re
208 1134 223 1152 ,
233 1113 281 1147 vt
291 1100 482 1213 quinfque
493 1096 673 1144 Tribuni
684 1113 735 1143 ex
747 1096 878 1162 plebe
889 1114 1132 1147 crearentur
1141 1132 1154 1157 ,
1165 1104 1238 1166 qui
1250 1107 1428 1149 Senatus
1438 1104 1769 1154 Vulterranenfis
1788 1109 1899 1154 Prae-

149 1167 279 1215 sidem
295 1183 379 1214 con
415 1181 622 1213 rmarent.

222 1237 397 1282 Interim
408 1236 538 1282 Caius
548 1234 754 1282 Fabritius
770 1234 927 1283 Consul
938 1252 1035 1283 cum
1049 1238 1235 1284 exercitu
1248 1239 1489 1286 Vulterram
1500 1239 1763 1290 aduentabat
1773 1242 1827 1289 ad
1837 1243 1898 1290 vl-

149 1302 393 1352 ciscendam
416 1305 528 1350 Cnei
551 1303 668 1365 Fabij
683 1319 868 1350 mortem
878 1329 893 1356 ,-
904 1305 1192 1369 quamobrem
1203 1322 1346 1370 patres
1365 1309 1603 1356 Vulterrani
1615 1309 1804 1358 deterriti
1822 1314 1901 1358 Le-

152 1388 275 1438 gatos
286 1371 340 1419 ad
352 1371 571 1419 Fesulanos
581 1405 594 1428 ,
614 1373 838 1419 Arretinos
849 1406 861 1429 ‚
882 1375 914 1419 P
923 1373 1222 1437 opulonienses
1242 1373 1441 1423 miserunt
1462 1377 1655 1424 auxilium
1677 1393 1877 1443 petentes
1890 1404 1901 1430 ,-

152 1442 458 1489 Vulturrenum
468 1444 707 1488 Cecinnam
716 1440 802 1486 Titi
814 1441 1072 1489 Praefidentis
1082 1441 1155 1505 filij
1169 1442 1326 1490 ducem
1337 1442 1621 1511 fecerunt3qui
1637 1451 1800 1512 magnis
1811 1448 1906 1512 pol-

150 1509 453 1557 licitationibus
465 1509 638 1575 plebem
654 1510 865 1574 mitigauit
879 1528 889 1556 ε
904 1508 1094 1575 denique
1107 1528 1204 1558 cum
1216 1514 1424 1562 Romanis
1439 1512 1655 1560 dimicauit
1666 1516 1805 1580 prope
1819 1520 1906 1562 Ce-

152 1581 293 1628 cinam
304 1581 460 1626 flumen
470 1613 483 1636 ‚
494 1584 537 1626 &
551 1575 768 1644 superatus
780 1577 857 1625 fuit
867 1577 1154 1646 exercitusque
1166 1579 1345 1646 fugatus:
1360 1580 1446 1646 ipse
1457 1597 1601 1630 autem
1611 1585 1849 1632 vulneratus
1861 1587 1904 1632 in
1918 1603 1921 1606 ⁴

154 1664 302 1696 manus
313 1646 495 1696 hostium
507 1646 618 1695 deue
626 1649 710 1695 nit.

219 1717 605 1764 Romanivitftores
615 1715 809 1763 Castrum
823 1717 1052 1765 Salinarum
1064 1732 1284 1783 occupant
1295 1737 1307 1774 3
1330 1718 1487 1766 deinde
1507 1721 1746 1768 Vulterram
1766 1719 1904 1769 versus

154 1785 527 1851 progredientibus
537 1785 651 1832 ciues
662 1788 849 1850 Legatos
860 1787 1029 1833 veniam
1043 1786 1304 1851 postulantes
1315 1787 1491 1834 obuiam
1504 1788 1765 1836 mittunt:sed
1786 1793 1905 1836 Con-

153 1854 215 1902 sul
225 1853 279 1901 ad
294 1860 496 1903 Senatum
509 1854 675 1902 reiecit:
689 1854 858 1900 interim
870 1854 1075 1901 militibus
1087 1857 1320 1902 Ciuitatem
1332 1855 1668 1921 depraedandam
1682 1854 1901 1904 conceffit:

155 1930 201 1971 &
212 1924 327 1970 Aulo
339 1926 509 1980 Mauro,
521 1929 565 1970 &
574 1924 708 1970 Lucio
719 1923 877 1970 Flacco
889 1939 986 1970 cum
998 1926 1107 1987 ctvj.
1123 1940 1171 1975 ex
1182 1924 1442 1989 primoribus
1454 1925 1613 1982 occisis,
1628 1942 1787 1991 magno
1799 1943 1905 1991 prce-

154 1991 258 2040 sidio
270 1992 414 2039 relicto
425 2026 437 2049 ‚
448 1996 640 2041 Romam
652 1993 790 2040 vidtor
800 1994 1046 2039 reuertitur.

226 2062 432 2125 anue
447 2061 565 2108 annis
587 2059 797 2108 transazftis
808 2062 963 2108 iterum
982 2063 1181 2109 Vulterra
1200 2060 1478 2110 seditionibus
1499 2063 1662 2128 repleta
1683 2062 1761 2110 est:
1776 2079 1906 2109 nam„

156 2146 257 2178 cum
269 2126 458 2177 Ethrusci
467 2132 663 2177 Lucanos
675 2127 820 2177 denuo
833 2128 1023 2177 viciffent
1032 2164 1044 2187 ,
1056 2133 1285 2177 contentio
1298 2147 1392 2177 orta
1405 2130 1462 2177 est
1472 2134 1580 2179 inter
1592 2132 1747 2177 Alcum
1766 2133 1907 2178 Atria-

156 2201 329 2257 rium,&
339 2200 559 2246 Nuccium
570 2198 845 2245 Volumnium
857 2195 1203 2246 Vulterranenses
1214 2198 1455 2264 duces‚quis
1469 2217 1616 2246 eorum
1626 2199 1908 2264 praecederet,

156 2267 292 2334 quare
304 2266 360 2315 ad
370 2284 561 2332 pugnam
575 2283 805 2314 venerunt:
819 2269 978 2314 ciuium
991 2268 1043 2313 ali
1045 2269 1060 2329 j
1073 2267 1186 2314 Alco
1197 2301 1210 2324 ,
1222 2267 1273 2314 ali
1276 2270 1289 2328 j
1302 2268 1478 2314 Nuccio
1499 2266 1728 2314 fatiebant:
1752 2283 1835 2314 tres
1847 2267 1910 2314 su-

158 2353 235 2402 pra
246 2334 515 2401 septuaginta
526 2336 879 2383 Vulterranorum
890 2335 1146 2382 ceciderunt:
1158 2334 1366 2400 Vtriusque
1379 2334 1543 2393 domus,
1554 2350 1601 2383 vt
1611 2335 1758 2383 Castra
1771 2335 1910 2383 custo-

158 2404 380 2452 diebatur:
396 2404 476 2451 huc
490 2438 501 2462 ,
515 2409 559 2452 ὅ]
569 2401 665 2450 illuc
677 2405 826 2461 amici,
838 2405 1096 2469 propinqui,
1108 2405 1283 2451 clientes
1297 2404 1628 2459 conueniebant3
1639 2403 1908 2468 vnusquisque

159 2472 228 2521 sua
239 2474 422 2521 concilia
433 2472 644 2520 habebat:
657 2471 830 2520 tandem
841 2474 1037 2520 Nuccius
1049 2474 1206 2519 eiectus
1219 2471 1295 2518 fuit
1307 2491 1319 2527 3
1333 2474 1402 2536 qui
1416 2472 1469 2518 ad
1483 2472 1679 2518 Castrum
1698 2472 1908 2519 Cellulam

160 2559 261 2589 cum
273 2540 400 2589 fuisse
414 2543 600 2606 recepit,
612 2546 655 2588 &
668 2540 816 2605 postea
828 2539 932 2587 solus
945 2540 998 2587 ad
1010 2544 1205 2588 Lucanos
1216 2540 1431 2604 confugit:
1446 2539 1515 2586 sed
1530 2557 1616 2587 non
1637 2539 1734 2604 post
1755 2541 1910 2587 multos

164 2609 254 2657 dies
264 2614 453 2659 Romam
465 2612 592 2675 petijt
603 2628 615 2664 3
627 2624 757 2674 atque
770 2614 970 2657 Senatum
981 2613 1228 2658 Romanum
1247 2626 1326 2673 pro
1340 2607 1391 2664 se,
1404 2607 1563 2672 suisque
1576 2610 1764 2673 rogauit.
1784 2614 1827 2655 A
1839 2614 1910 2656 Se-

167 2693 268 2725 natu
280 2679 519 2726 Vulterram
530 2677 584 2726 ad
594 2677 889 2726 Praefidentem
901 2678 1051 2726 litterse
1064 2675 1185 2725 miffae
1197 2677 1316 2724 fuere
1331 2678 1524 2724 reuocari
1534 2679 1767 2731 Nuccium,
1776 2675 1908 2742 suosq3

169 2761 467 2813 praecipientes
481 2780 491 2792 .

235 2814 579 2862 Vulterranenses
590 2830 732 2880 patres
743 2816 951 2865 Romanis
962 2814 1110 2862 obtem
1114 2827 1372 2879 perauerunt
1384 2831 1394 2859 ε
1415 2815 1609 2861 Nuccius
1628 2831 1728 2861 cum
1747 2815 1908 2862 clienti-

169 2883 248 2931 bus
259 2897 484 2930 reuocatus
494 2882 555 2929 est
565 2908 580 2934 ,-
591 2881 725 2931 immo
735 2887 779 2930 in
790 2881 976 2948 sequenti
988 2901 1100 2931 anno
1121 2882 1146 2929 a
1168 2888 1323 2931 Senatu
1342 2884 1385 2928 in
1405 2882 1699 2930 Praefidentem
1720 2884 1906 2947 eligitur,

172 2953 360 3000 Atriario
378 2949 624 3017 indignante
642 2987 656 3011 ,
675 2955 750 3018 qui
767 2968 945 3017 operam
966 2952 1086 3000 dedit
1095 2985 1107 3008 ,
1128 2950 1181 2998 ne
1203 2949 1229 2998 a
1246 2949 1447 2998 Tribunis
1474 2950 1613 3016 plebis
1633 2951 1907 2998 confirmare-

172 3035 240 3068 tur
251 3055 263 3066 .

1311 3120 1343 3163 P
1410 3119 1446 3177 ij
1716 3118 1842 3160 Nuc-
