<?xml version="1.0" encoding="UTF-8"?>
<!DOCTYPE html PUBLIC "-//W3C//DTD XHTML 1.0 Transitional//EN"
    "http://www.w3.org/TR/xhtml1/DTD/xhtml1-transitional.dtd">
<html xmlns="http://www.w3.org/1999/xhtml" xml:lang="en" lang="en">
 <head>
  <title>
</title>
<meta http-equiv="Content-Type" content="text/html;charset=utf-8" />
  <meta name='ocr-system' content='tesseract 3.04.00' />
  <meta name='ocr-capabilities' content='ocr_page ocr_carea ocr_par ocr_line ocrx_word'/>
</head>
<body>
  <div class='ocr_page' id='page_1' title='image "./ethruscarumantiq00ingh_0107.png"; bbox 0 0 2406 3580; ppageno 0'>
   <div class='ocr_carea' id='block_1_1' title="bbox 112 255 2082 273">
    <p class='ocr_par' dir='ltr' id='par_1_1' title="bbox 112 255 2082 273">
     <span class='ocr_line' id='line_1_1' title="bbox 112 255 2082 273; baseline 0 3307"><span class='ocrx_word' id='word_1_1' title='bbox 112 255 2082 273; x_wconf 95' lang='lat' dir='ltr'> </span> 
     </span>
    </p>
   </div>
   <div class='ocr_carea' id='block_1_2' title="bbox 675 254 1836 369">
    <p class='ocr_par' dir='ltr' id='par_1_2' title="bbox 675 254 1836 369">
     <span class='ocr_line' id='line_1_2' title="bbox 675 254 1836 369; baseline -0.001 -23"><span class='ocrx_word' id='word_1_2' title='bbox 675 254 677 257; x_wconf 23' lang='lat'>¹</span> <span class='ocrx_word' id='word_1_3' title='bbox 739 270 940 346; x_wconf 90' lang='lat' dir='ltr'>Liber</span> <span class='ocrx_word' id='word_1_4' title='bbox 995 273 1240 350; x_wconf 83' lang='lat' dir='ltr'><strong>Primus</strong></span> <span class='ocrx_word' id='word_1_5' title='bbox 1256 334 1270 347; x_wconf 91' lang='lat'><strong>.</strong></span> <span class='ocrx_word' id='word_1_6' title='bbox 1760 308 1836 369; x_wconf 79' lang='lat'>73</span> 
     </span>
    </p>
   </div>
   <div class='ocr_carea' id='block_1_3' title="bbox 51 379 1856 3059">
    <p class='ocr_par' dir='ltr' id='par_1_3' title="bbox 95 379 1844 792">
     <span class='ocr_line' id='line_1_3' title="bbox 97 379 1841 395; baseline -0.003 0"><span class='ocrx_word' id='word_1_7' title='bbox 97 379 1841 395; x_wconf 49' lang='grc' dir='ltr'><em>Μ</em></span> 
     </span>
     <span class='ocr_line' id='line_1_4' title="bbox 95 395 1844 470; baseline -0.003 -19"><span class='ocrx_word' id='word_1_8' title='bbox 95 399 457 470; x_wconf 71' lang='lat' dir='ltr'>potitizobfidetur</span> <span class='ocrx_word' id='word_1_9' title='bbox 465 400 729 448; x_wconf 83' lang='lat' dir='ltr'>Roma.Dux</span> <span class='ocrx_word' id='word_1_10' title='bbox 741 396 1093 443; x_wconf 88' lang='lat' dir='ltr'>Vulterranorum</span> <span class='ocrx_word' id='word_1_11' title='bbox 1102 395 1278 446; x_wconf 84' lang='lat' dir='ltr'>Meffius</span> <span class='ocrx_word' id='word_1_12' title='bbox 1287 398 1496 449; x_wconf 80' lang='lat' dir='ltr'>Cecinna,</span> <span class='ocrx_word' id='word_1_13' title='bbox 1507 414 1607 445; x_wconf 90' lang='lat' dir='ltr'>cum</span> <span class='ocrx_word' id='word_1_14' title='bbox 1617 398 1782 446; x_wconf 89' lang='lat' dir='ltr'>fortiter</span> <span class='ocrx_word' id='word_1_15' title='bbox 1791 400 1844 447; x_wconf 84' lang='lat' dir='ltr'>ad</span> 
     </span>
     <span class='ocr_line' id='line_1_5' title="bbox 96 461 1844 533; baseline -0.002 -15"><span class='ocrx_word' id='word_1_16' title='bbox 96 469 274 519; x_wconf 63' lang='lat' dir='ltr'>P&#39;ortam</span> <span class='ocrx_word' id='word_1_17' title='bbox 284 469 502 516; x_wconf 86' lang='lat' dir='ltr'>Collinam</span> <span class='ocrx_word' id='word_1_18' title='bbox 512 479 748 532; x_wconf 83' lang='lat' dir='ltr'>pugnaret,</span> <span class='ocrx_word' id='word_1_19' title='bbox 768 463 847 511; x_wconf 91' lang='lat' dir='ltr'>fuit</span> <span class='ocrx_word' id='word_1_20' title='bbox 857 461 1022 512; x_wconf 87' lang='lat' dir='ltr'>occisus</span> <span class='ocrx_word' id='word_1_21' title='bbox 1031 489 1046 515; x_wconf 83' lang='lat'>‚-</span> <span class='ocrx_word' id='word_1_22' title='bbox 1065 470 1110 513; x_wconf 87' lang='lat'>&amp;</span> <span class='ocrx_word' id='word_1_23' title='bbox 1122 465 1299 514; x_wconf 87' lang='lat' dir='ltr'>Tusciin</span> <span class='ocrx_word' id='word_1_24' title='bbox 1311 466 1501 514; x_wconf 88' lang='lat' dir='ltr'>Ianiculo</span> <span class='ocrx_word' id='word_1_25' title='bbox 1520 464 1701 533; x_wconf 79' lang='lat' dir='ltr'>aggresii</span> <span class='ocrx_word' id='word_1_26' title='bbox 1712 466 1844 514; x_wconf 90' lang='lat' dir='ltr'>disce-</span> 
     </span>
     <span class='ocr_line' id='line_1_6' title="bbox 97 531 1843 603; baseline -0.002 -16"><span class='ocrx_word' id='word_1_27' title='bbox 97 538 200 587; x_wconf 85' lang='lat' dir='ltr'>dere</span> <span class='ocrx_word' id='word_1_28' title='bbox 213 551 440 603; x_wconf 82' lang='lat' dir='ltr'>cogtmtur.</span> <span class='ocrx_word' id='word_1_29' title='bbox 452 534 600 582; x_wconf 90' lang='lat' dir='ltr'>Elbius</span> <span class='ocrx_word' id='word_1_30' title='bbox 610 535 805 582; x_wconf 86' lang='lat' dir='ltr'>Cecinna</span> <span class='ocrx_word' id='word_1_31' title='bbox 815 533 1018 598; x_wconf 89' lang='lat' dir='ltr'>Menippi</span> <span class='ocrx_word' id='word_1_32' title='bbox 1028 531 1138 580; x_wconf 88' lang='lat' dir='ltr'>filius</span> <span class='ocrx_word' id='word_1_33' title='bbox 1148 536 1190 581; x_wconf 92' lang='lat' dir='ltr'>in</span> <span class='ocrx_word' id='word_1_34' title='bbox 1201 535 1347 583; x_wconf 91' lang='lat' dir='ltr'>locum</span> <span class='ocrx_word' id='word_1_35' title='bbox 1358 533 1493 582; x_wconf 84' lang='lat' dir='ltr'>fratris</span> <span class='ocrx_word' id='word_1_36' title='bbox 1503 533 1756 600; x_wconf 90' lang='lat' dir='ltr'>subrogatur</span> <span class='ocrx_word' id='word_1_37' title='bbox 1757 536 1843 587; x_wconf 77' lang='lat' dir='ltr'>,hic</span> 
     </span>
     <span class='ocr_line' id='line_1_7' title="bbox 96 600 1844 669; baseline -0.003 -14"><span class='ocrx_word' id='word_1_38' title='bbox 96 606 152 655; x_wconf 89' lang='lat' dir='ltr'>ab</span> <span class='ocrx_word' id='word_1_39' title='bbox 162 604 328 654; x_wconf 91' lang='lat' dir='ltr'>Armise</span> <span class='ocrx_word' id='word_1_40' title='bbox 341 608 461 652; x_wconf 90' lang='lat' dir='ltr'>Vero</span> <span class='ocrx_word' id='word_1_41' title='bbox 471 600 724 669; x_wconf 89' lang='lat' dir='ltr'>improuisus</span> <span class='ocrx_word' id='word_1_42' title='bbox 736 600 947 649; x_wconf 91' lang='lat' dir='ltr'>occiditur</span> <span class='ocrx_word' id='word_1_43' title='bbox 957 634 967 644; x_wconf 85' lang='lat'>.</span> <span class='ocrx_word' id='word_1_44' title='bbox 1002 600 1212 650; x_wconf 89' lang='lat' dir='ltr'>Armisem</span> <span class='ocrx_word' id='word_1_45' title='bbox 1223 603 1324 651; x_wconf 92' lang='lat' dir='ltr'>Auli</span> <span class='ocrx_word' id='word_1_46' title='bbox 1336 604 1498 669; x_wconf 85' lang='lat' dir='ltr'>Virgini</span> <span class='ocrx_word' id='word_1_47' title='bbox 1500 621 1514 666; x_wconf 79' lang='lat' dir='ltr'>J</span> <span class='ocrx_word' id='word_1_48' title='bbox 1529 602 1725 652; x_wconf 86' lang='lat' dir='ltr'>Consulis</span> <span class='ocrx_word' id='word_1_49' title='bbox 1736 604 1844 651; x_wconf 89' lang='lat' dir='ltr'>mili-</span> 
     </span>
     <span class='ocr_line' id='line_1_8' title="bbox 97 667 1843 740; baseline -0.003 -17"><span class='ocrx_word' id='word_1_50' title='bbox 97 691 161 724; x_wconf 89' lang='lat' dir='ltr'>tes</span> <span class='ocrx_word' id='word_1_51' title='bbox 170 677 213 722; x_wconf 90' lang='lat' dir='ltr'>in</span> <span class='ocrx_word' id='word_1_52' title='bbox 223 690 318 722; x_wconf 90' lang='lat' dir='ltr'>tuto</span> <span class='ocrx_word' id='word_1_53' title='bbox 328 686 518 740; x_wconf 87' lang='lat' dir='ltr'>ponunt,</span> <span class='ocrx_word' id='word_1_54' title='bbox 529 678 574 721; x_wconf 71' lang='grc' dir='ltr'>δε</span> <span class='ocrx_word' id='word_1_55' title='bbox 584 674 774 732; x_wconf 80' lang='lat' dir='ltr'>Romam</span> <span class='ocrx_word' id='word_1_56' title='bbox 784 667 1053 735; x_wconf 85' lang='lat' dir='ltr'>perducunt3</span> <span class='ocrx_word' id='word_1_57' title='bbox 1066 670 1221 720; x_wconf 87' lang='lat' dir='ltr'>&amp;inde</span> <span class='ocrx_word' id='word_1_58' title='bbox 1234 673 1423 721; x_wconf 84' lang='lat' dir='ltr'>Ciuitate</span> <span class='ocrx_word' id='word_1_59' title='bbox 1443 676 1645 723; x_wconf 85' lang='lat' dir='ltr'>Romana</span> <span class='ocrx_word' id='word_1_60' title='bbox 1654 671 1843 722; x_wconf 89' lang='lat' dir='ltr'>Armises</span> 
     </span>
     <span class='ocr_line' id='line_1_9' title="bbox 102 744 306 792; baseline -0.015 0"><span class='ocrx_word' id='word_1_61' title='bbox 102 744 284 792; x_wconf 86' lang='lat' dir='ltr'>donatur</span> <span class='ocrx_word' id='word_1_62' title='bbox 294 776 306 789; x_wconf 90' lang='lat'><strong>.</strong></span> 
     </span>
    </p>

    <p class='ocr_par' dir='ltr' id='par_1_4' title="bbox 51 802 1843 1000">
     <span class='ocr_line' id='line_1_10' title="bbox 166 802 1843 874; baseline -0.003 -15"><span class='ocrx_word' id='word_1_63' title='bbox 166 814 233 860; x_wconf 90' lang='grc' dir='ltr'>εἰσ</span> <span class='ocrx_word' id='word_1_64' title='bbox 243 811 309 857; x_wconf 89' lang='grc' dir='ltr'>εἰσ</span> <span class='ocrx_word' id='word_1_65' title='bbox 321 809 505 857; x_wconf 74' lang='lat' dir='ltr'>ccctxix.</span> <span class='ocrx_word' id='word_1_66' title='bbox 539 807 674 856; x_wconf 91' lang='lat' dir='ltr'>Alcus</span> <span class='ocrx_word' id='word_1_67' title='bbox 684 809 862 853; x_wconf 82' lang='lat' dir='ltr'>Maurus</span> <span class='ocrx_word' id='word_1_68' title='bbox 873 802 1089 870; x_wconf 82' lang='lat' dir='ltr'>gubernat</span> <span class='ocrx_word' id='word_1_69' title='bbox 1098 839 1110 851; x_wconf 89' lang='lat'><em>.</em></span> <span class='ocrx_word' id='word_1_70' title='bbox 1144 806 1278 872; x_wconf 88' lang='lat' dir='ltr'>Apud</span> <span class='ocrx_word' id='word_1_71' title='bbox 1289 806 1493 858; x_wconf 82' lang='lat' dir='ltr'>Rufl&#39;ellas</span> <span class='ocrx_word' id='word_1_72' title='bbox 1504 810 1673 874; x_wconf 88' lang='lat' dir='ltr'>cogitur</span> <span class='ocrx_word' id='word_1_73' title='bbox 1683 809 1843 856; x_wconf 90' lang='lat' dir='ltr'>Conci-</span> 
     </span>
     <span class='ocr_line' id='line_1_11' title="bbox 102 874 1843 933; baseline -0.001 -7"><span class='ocrx_word' id='word_1_74' title='bbox 102 880 223 927; x_wconf 85' lang='lat' dir='ltr'>lium:</span> <span class='ocrx_word' id='word_1_75' title='bbox 237 880 460 925; x_wconf 88' lang='lat' dir='ltr'>mittuntur</span> <span class='ocrx_word' id='word_1_76' title='bbox 470 876 626 923; x_wconf 87' lang='lat' dir='ltr'>milites</span> <span class='ocrx_word' id='word_1_77' title='bbox 637 877 680 922; x_wconf 90' lang='lat' dir='ltr'>in</span> <span class='ocrx_word' id='word_1_78' title='bbox 691 874 891 922; x_wconf 82' lang='lat' dir='ltr'>auxilium</span> <span class='ocrx_word' id='word_1_79' title='bbox 901 875 1136 921; x_wconf 78' lang='lat' dir='ltr'>Veientum</span> <span class='ocrx_word' id='word_1_80' title='bbox 1147 890 1297 923; x_wconf 84' lang='lat' dir='ltr'>contra</span> <span class='ocrx_word' id='word_1_81' title='bbox 1307 880 1549 933; x_wconf 83' lang='lat' dir='ltr'>Romanos3</span> <span class='ocrx_word' id='word_1_82' title='bbox 1561 876 1634 926; x_wconf 91' lang='lat' dir='ltr'>sed</span> <span class='ocrx_word' id='word_1_83' title='bbox 1645 875 1670 924; x_wconf 72' lang='grc' dir='ltr'>ὲ</span> <span class='ocrx_word' id='word_1_84' title='bbox 1678 881 1843 928; x_wconf 84' lang='lat' dir='ltr'>Roma-</span> 
     </span>
     <span class='ocr_line' id='line_1_12' title="bbox 51 943 1508 1000; baseline -0.001 -7"><span class='ocrx_word' id='word_1_85' title='bbox 51 990 54 993; x_wconf 80' lang='lat'><strong>.</strong></span> <span class='ocrx_word' id='word_1_86' title='bbox 100 951 162 995; x_wconf 90' lang='lat' dir='ltr'>nis</span> <span class='ocrx_word' id='word_1_87' title='bbox 173 946 265 994; x_wconf 89' lang='lat' dir='ltr'>sunt</span> <span class='ocrx_word' id='word_1_88' title='bbox 275 945 432 994; x_wconf 70' lang='lat' dir='ltr'>deuisti</span> <span class='ocrx_word' id='word_1_89' title='bbox 442 963 454 992; x_wconf 88' lang='lat'>:</span> <span class='ocrx_word' id='word_1_90' title='bbox 466 960 566 992; x_wconf 86' lang='lat' dir='ltr'>narn</span> <span class='ocrx_word' id='word_1_91' title='bbox 574 944 777 1000; x_wconf 79' lang='lat' dir='ltr'>Hernici,</span> <span class='ocrx_word' id='word_1_92' title='bbox 790 948 833 990; x_wconf 86' lang='lat'>&amp;</span> <span class='ocrx_word' id='word_1_93' title='bbox 843 943 978 990; x_wconf 87' lang='lat' dir='ltr'>Latini</span> <span class='ocrx_word' id='word_1_94' title='bbox 988 946 1213 992; x_wconf 85' lang='lat' dir='ltr'>Romanos</span> <span class='ocrx_word' id='word_1_95' title='bbox 1231 943 1486 992; x_wconf 88' lang='lat' dir='ltr'>adiuuerunt</span> <span class='ocrx_word' id='word_1_96' title='bbox 1496 979 1508 991; x_wconf 89' lang='lat'><strong>.</strong></span> 
     </span>
    </p>

    <p class='ocr_par' dir='ltr' id='par_1_5' title="bbox 98 1009 1846 1285">
     <span class='ocr_line' id='line_1_13' title="bbox 163 1009 1842 1077; baseline -0.002 -14"><span class='ocrx_word' id='word_1_97' title='bbox 163 1017 230 1063; x_wconf 84' lang='grc' dir='ltr'>εἰσ</span> <span class='ocrx_word' id='word_1_98' title='bbox 242 1015 307 1063; x_wconf 85' lang='grc' dir='ltr'>εἰσ</span> <span class='ocrx_word' id='word_1_99' title='bbox 318 1014 517 1075; x_wconf 71' lang='lat' dir='ltr'>cccixxij.</span> <span class='ocrx_word' id='word_1_100' title='bbox 552 1015 735 1060; x_wconf 84' lang='lat' dir='ltr'>Creatus</span> <span class='ocrx_word' id='word_1_101' title='bbox 746 1010 807 1059; x_wconf 87' lang='lat' dir='ltr'>est</span> <span class='ocrx_word' id='word_1_102' title='bbox 817 1013 903 1058; x_wconf 89' lang='lat' dir='ltr'>Luc</span> <span class='ocrx_word' id='word_1_103' title='bbox 909 1015 1041 1057; x_wconf 87' lang='lat' dir='ltr'>umon</span> <span class='ocrx_word' id='word_1_104' title='bbox 1065 1009 1190 1059; x_wconf 82' lang='lat' dir='ltr'>Iasius</span> <span class='ocrx_word' id='word_1_105' title='bbox 1202 1010 1445 1061; x_wconf 67' lang='lat' dir='ltr'>Dzindolius</span> <span class='ocrx_word' id='word_1_106' title='bbox 1455 1013 1572 1061; x_wconf 82' lang='lat' dir='ltr'>Galli</span> <span class='ocrx_word' id='word_1_107' title='bbox 1581 1011 1842 1077; x_wconf 83' lang='lat' dir='ltr'>Transapen-</span> 
     </span>
     <span class='ocr_line' id='line_1_14' title="bbox 99 1077 1845 1146; baseline -0.003 -13"><span class='ocrx_word' id='word_1_108' title='bbox 99 1085 205 1132; x_wconf 90' lang='lat' dir='ltr'>ninis</span> <span class='ocrx_word' id='word_1_109' title='bbox 215 1084 374 1131; x_wconf 92' lang='lat' dir='ltr'>Coloni</span> <span class='ocrx_word' id='word_1_110' title='bbox 375 1101 387 1146; x_wconf 73' lang='lat'>1</span> <span class='ocrx_word' id='word_1_111' title='bbox 393 1099 411 1129; x_wconf 90' lang='lat' dir='ltr'>s</span> <span class='ocrx_word' id='word_1_112' title='bbox 421 1080 579 1129; x_wconf 84' lang='lat' dir='ltr'>damna</span> <span class='ocrx_word' id='word_1_113' title='bbox 588 1081 834 1127; x_wconf 88' lang='lat' dir='ltr'>intulerunt.</span> <span class='ocrx_word' id='word_1_114' title='bbox 847 1077 949 1126; x_wconf 86' lang='lat' dir='ltr'>Pisae</span> <span class='ocrx_word' id='word_1_115' title='bbox 961 1077 1226 1127; x_wconf 86' lang='lat' dir='ltr'>celebratum</span> <span class='ocrx_word' id='word_1_116' title='bbox 1238 1080 1301 1127; x_wconf 90' lang='lat' dir='ltr'>est</span> <span class='ocrx_word' id='word_1_117' title='bbox 1310 1082 1569 1128; x_wconf 88' lang='lat' dir='ltr'>Concilium.</span> <span class='ocrx_word' id='word_1_118' title='bbox 1581 1080 1717 1128; x_wconf 90' lang='lat' dir='ltr'>Ansur</span> <span class='ocrx_word' id='word_1_119' title='bbox 1728 1085 1845 1130; x_wconf 88' lang='lat' dir='ltr'>Roz-</span> 
     </span>
     <span class='ocr_line' id='line_1_15' title="bbox 99 1147 1846 1217; baseline -0.002 -17"><span class='ocrx_word' id='word_1_120' title='bbox 99 1154 187 1200; x_wconf 85' lang='lat' dir='ltr'>zius</span> <span class='ocrx_word' id='word_1_121' title='bbox 195 1149 419 1200; x_wconf 86' lang='lat' dir='ltr'>Fesulanus</span> <span class='ocrx_word' id='word_1_122' title='bbox 428 1162 595 1199; x_wconf 88' lang='lat' dir='ltr'>creatus</span> <span class='ocrx_word' id='word_1_123' title='bbox 606 1148 668 1199; x_wconf 90' lang='lat' dir='ltr'>est</span> <span class='ocrx_word' id='word_1_124' title='bbox 678 1147 759 1197; x_wconf 88' lang='lat' dir='ltr'>dux</span> <span class='ocrx_word' id='word_1_125' title='bbox 769 1147 982 1217; x_wconf 86' lang='lat' dir='ltr'>generalis</span> <span class='ocrx_word' id='word_1_126' title='bbox 990 1180 1004 1206; x_wconf 88' lang='lat'><strong><em>,</em></strong></span> <span class='ocrx_word' id='word_1_127' title='bbox 1017 1147 1092 1214; x_wconf 91' lang='lat' dir='ltr'>qui</span> <span class='ocrx_word' id='word_1_128' title='bbox 1102 1147 1200 1213; x_wconf 92' lang='lat' dir='ltr'>post</span> <span class='ocrx_word' id='word_1_129' title='bbox 1211 1147 1278 1197; x_wconf 83' lang='lat' dir='ltr'>sex</span> <span class='ocrx_word' id='word_1_130' title='bbox 1289 1149 1454 1198; x_wconf 86' lang='lat' dir='ltr'>menses</span> <span class='ocrx_word' id='word_1_131' title='bbox 1465 1147 1654 1198; x_wconf 89' lang='lat' dir='ltr'>reuersus</span> <span class='ocrx_word' id='word_1_132' title='bbox 1664 1147 1739 1207; x_wconf 87' lang='lat' dir='ltr'>est,</span> <span class='ocrx_word' id='word_1_133' title='bbox 1750 1148 1846 1214; x_wconf 87' lang='lat' dir='ltr'>post</span> 
     </span>
     <span class='ocr_line' id='line_1_16' title="bbox 98 1219 560 1285; baseline -0.013 -16"><span class='ocrx_word' id='word_1_134' title='bbox 98 1220 304 1285; x_wconf 82' lang='lat' dir='ltr'>adeptam</span> <span class='ocrx_word' id='word_1_135' title='bbox 314 1219 537 1268; x_wconf 62' lang='lat' dir='ltr'>victoriam</span> <span class='ocrx_word' id='word_1_136' title='bbox 547 1251 560 1264; x_wconf 88' lang='lat'><strong>.</strong></span> 
     </span>
    </p>

    <p class='ocr_par' dir='ltr' id='par_1_6' title="bbox 97 1283 1850 1760">
     <span class='ocr_line' id='line_1_17' title="bbox 161 1283 1849 1351; baseline -0.002 -16"><span class='ocrx_word' id='word_1_137' title='bbox 161 1291 228 1335; x_wconf 99' lang='grc' dir='ltr'>εἰσ</span> <span class='ocrx_word' id='word_1_138' title='bbox 239 1290 306 1336; x_wconf 87' lang='grc' dir='ltr'>εἰσ</span> <span class='ocrx_word' id='word_1_139' title='bbox 316 1288 547 1348; x_wconf 70' lang='lat' dir='ltr'>ccctxxvij.</span> <span class='ocrx_word' id='word_1_140' title='bbox 558 1289 800 1351; x_wconf 87' lang='lat' dir='ltr'>Morgetes‚</span> <span class='ocrx_word' id='word_1_141' title='bbox 810 1299 863 1331; x_wconf 87' lang='lat' dir='ltr'>ex</span> <span class='ocrx_word' id='word_1_142' title='bbox 871 1283 1134 1331; x_wconf 83' lang='lat' dir='ltr'>Volturrena</span> <span class='ocrx_word' id='word_1_143' title='bbox 1142 1284 1317 1332; x_wconf 78' lang='lat' dir='ltr'>Familia</span> <span class='ocrx_word' id='word_1_144' title='bbox 1326 1286 1578 1333; x_wconf 86' lang='lat' dir='ltr'>Vulterrana</span> <span class='ocrx_word' id='word_1_145' title='bbox 1589 1299 1719 1343; x_wconf 81' lang='lat' dir='ltr'>ortuS,</span> <span class='ocrx_word' id='word_1_146' title='bbox 1730 1302 1849 1334; x_wconf 88' lang='lat' dir='ltr'>crea-</span> 
     </span>
     <span class='ocr_line' id='line_1_18' title="bbox 100 1349 1850 1419; baseline -0.002 -15"><span class='ocrx_word' id='word_1_147' title='bbox 100 1371 168 1404; x_wconf 88' lang='lat' dir='ltr'>tus</span> <span class='ocrx_word' id='word_1_148' title='bbox 180 1356 242 1404; x_wconf 92' lang='lat' dir='ltr'>est</span> <span class='ocrx_word' id='word_1_149' title='bbox 249 1359 476 1403; x_wconf 87' lang='lat' dir='ltr'>Lucumon</span> <span class='ocrx_word' id='word_1_150' title='bbox 488 1373 499 1401; x_wconf 88' lang='lat'>:</span> <span class='ocrx_word' id='word_1_151' title='bbox 511 1355 630 1402; x_wconf 89' lang='lat' dir='ltr'>huius</span> <span class='ocrx_word' id='word_1_152' title='bbox 642 1370 757 1401; x_wconf 83' lang='lat' dir='ltr'>anno</span> <span class='ocrx_word' id='word_1_153' title='bbox 771 1351 959 1400; x_wconf 89' lang='lat' dir='ltr'>secundo</span> <span class='ocrx_word' id='word_1_154' title='bbox 969 1366 1076 1399; x_wconf 87' lang='lat' dir='ltr'>ortae</span> <span class='ocrx_word' id='word_1_155' title='bbox 1086 1349 1177 1399; x_wconf 90' lang='lat' dir='ltr'>sunt</span> <span class='ocrx_word' id='word_1_156' title='bbox 1190 1351 1420 1402; x_wconf 86' lang='lat' dir='ltr'>seditiones</span> <span class='ocrx_word' id='word_1_157' title='bbox 1431 1354 1592 1402; x_wconf 87' lang='lat' dir='ltr'>ciuiles:</span> <span class='ocrx_word' id='word_1_158' title='bbox 1606 1353 1758 1419; x_wconf 86' lang='lat' dir='ltr'>plebes</span> <span class='ocrx_word' id='word_1_159' title='bbox 1770 1351 1850 1401; x_wconf 91' lang='lat' dir='ltr'>sur-</span> 
     </span>
     <span class='ocr_line' id='line_1_19' title="bbox 100 1419 1850 1491; baseline -0.001 -20"><span class='ocrx_word' id='word_1_160' title='bbox 100 1426 162 1491; x_wconf 86' lang='lat' dir='ltr'>git</span> <span class='ocrx_word' id='word_1_161' title='bbox 172 1439 323 1473; x_wconf 86' lang='lat' dir='ltr'>contra</span> <span class='ocrx_word' id='word_1_162' title='bbox 331 1422 525 1471; x_wconf 87' lang='lat' dir='ltr'>Nobiles</span> <span class='ocrx_word' id='word_1_163' title='bbox 535 1441 548 1478; x_wconf 82' lang='lat'>3</span> <span class='ocrx_word' id='word_1_164' title='bbox 561 1438 660 1469; x_wconf 84' lang='lat' dir='ltr'>nam</span> <span class='ocrx_word' id='word_1_165' title='bbox 671 1420 726 1468; x_wconf 82' lang='lat' dir='ltr'>ad</span> <span class='ocrx_word' id='word_1_166' title='bbox 736 1419 882 1468; x_wconf 83' lang='lat' dir='ltr'>officia</span> <span class='ocrx_word' id='word_1_167' title='bbox 891 1453 905 1478; x_wconf 84' lang='lat'>,</span> <span class='ocrx_word' id='word_1_168' title='bbox 917 1425 961 1468; x_wconf 88' lang='lat'>&amp;</span> <span class='ocrx_word' id='word_1_169' title='bbox 973 1419 1027 1467; x_wconf 85' lang='lat' dir='ltr'>ad</span> <span class='ocrx_word' id='word_1_170' title='bbox 1037 1419 1209 1484; x_wconf 86' lang='lat' dir='ltr'>publica</span> <span class='ocrx_word' id='word_1_171' title='bbox 1220 1438 1396 1470; x_wconf 82' lang='lat' dir='ltr'>munera</span> <span class='ocrx_word' id='word_1_172' title='bbox 1416 1421 1648 1487; x_wconf 86' lang='lat' dir='ltr'>aspirabat:</span> <span class='ocrx_word' id='word_1_173' title='bbox 1669 1423 1734 1469; x_wconf 92' lang='lat' dir='ltr'>cui</span> <span class='ocrx_word' id='word_1_174' title='bbox 1747 1439 1850 1470; x_wconf 77' lang='lat' dir='ltr'>con—</span> 
     </span>
     <span class='ocr_line' id='line_1_20' title="bbox 98 1488 1850 1557; baseline -0.003 -16"><span class='ocrx_word' id='word_1_175' title='bbox 98 1492 258 1541; x_wconf 85' lang='lat' dir='ltr'>ceffum</span> <span class='ocrx_word' id='word_1_176' title='bbox 268 1491 330 1540; x_wconf 90' lang='lat' dir='ltr'>est</span> <span class='ocrx_word' id='word_1_177' title='bbox 339 1526 352 1549; x_wconf 82' lang='lat'>‚</span> <span class='ocrx_word' id='word_1_178' title='bbox 363 1506 547 1557; x_wconf 83' lang='lat' dir='ltr'>quatuor</span> <span class='ocrx_word' id='word_1_179' title='bbox 558 1507 608 1538; x_wconf 89' lang='lat' dir='ltr'>ex</span> <span class='ocrx_word' id='word_1_180' title='bbox 618 1489 748 1555; x_wconf 91' lang='lat' dir='ltr'>plebe</span> <span class='ocrx_word' id='word_1_181' title='bbox 759 1488 954 1536; x_wconf 90' lang='lat' dir='ltr'>tribunos</span> <span class='ocrx_word' id='word_1_182' title='bbox 966 1492 1170 1536; x_wconf 83' lang='lat' dir='ltr'>Senatum</span> <span class='ocrx_word' id='word_1_183' title='bbox 1181 1489 1349 1554; x_wconf 87' lang='lat' dir='ltr'>ingredi</span> <span class='ocrx_word' id='word_1_184' title='bbox 1358 1489 1476 1556; x_wconf 87' lang='lat' dir='ltr'>poffe</span> <span class='ocrx_word' id='word_1_185' title='bbox 1489 1526 1500 1537; x_wconf 91' lang='lat'><strong>.</strong></span> <span class='ocrx_word' id='word_1_186' title='bbox 1536 1491 1734 1540; x_wconf 85' lang='lat' dir='ltr'>Gelonus</span> <span class='ocrx_word' id='word_1_187' title='bbox 1747 1492 1850 1539; x_wconf 91' lang='lat' dir='ltr'>Sici-</span> 
     </span>
     <span class='ocr_line' id='line_1_21' title="bbox 97 1556 1829 1611; baseline -0.001 -2"><span class='ocrx_word' id='word_1_188' title='bbox 97 1563 162 1610; x_wconf 85' lang='lat' dir='ltr'>liae</span> <span class='ocrx_word' id='word_1_189' title='bbox 171 1564 270 1611; x_wconf 87' lang='lat' dir='ltr'>Rex</span> <span class='ocrx_word' id='word_1_190' title='bbox 282 1560 635 1608; x_wconf 90' lang='lat' dir='ltr'>Vulterranorum</span> <span class='ocrx_word' id='word_1_191' title='bbox 647 1556 818 1606; x_wconf 81' lang='lat' dir='ltr'>classem</span> <span class='ocrx_word' id='word_1_192' title='bbox 830 1574 880 1604; x_wconf 86' lang='lat' dir='ltr'>ex</span> <span class='ocrx_word' id='word_1_193' title='bbox 891 1558 1063 1605; x_wconf 78' lang='lat' dir='ltr'>Graecia</span> <span class='ocrx_word' id='word_1_194' title='bbox 1075 1571 1369 1606; x_wconf 91' lang='lat' dir='ltr'>reuertentem</span> <span class='ocrx_word' id='word_1_195' title='bbox 1379 1557 1525 1607; x_wconf 81' lang='lat' dir='ltr'>afflixit</span> <span class='ocrx_word' id='word_1_196' title='bbox 1535 1593 1546 1605; x_wconf 92' lang='lat'><strong>.</strong></span> <span class='ocrx_word' id='word_1_197' title='bbox 1559 1556 1761 1607; x_wconf 84' lang='lat' dir='ltr'>Cluffium</span> <span class='ocrx_word' id='word_1_198' title='bbox 1774 1576 1829 1607; x_wconf 91' lang='lat' dir='ltr'>co</span> 
     </span>
     <span class='ocr_line' id='line_1_22' title="bbox 97 1624 1849 1696; baseline -0.001 -19"><span class='ocrx_word' id='word_1_199' title='bbox 97 1632 209 1696; x_wconf 89' lang='lat' dir='ltr'>gitur</span> <span class='ocrx_word' id='word_1_200' title='bbox 219 1629 462 1677; x_wconf 89' lang='lat' dir='ltr'>Concilium</span> <span class='ocrx_word' id='word_1_201' title='bbox 473 1662 485 1675; x_wconf 90' lang='lat'><strong>.</strong></span> <span class='ocrx_word' id='word_1_202' title='bbox 527 1627 719 1675; x_wconf 81' lang='lat' dir='ltr'>Amilcar</span> <span class='ocrx_word' id='word_1_203' title='bbox 729 1625 927 1674; x_wconf 84' lang='lat' dir='ltr'>auxilium</span> <span class='ocrx_word' id='word_1_204' title='bbox 938 1624 1123 1691; x_wconf 80' lang='lat' dir='ltr'>postulat</span> <span class='ocrx_word' id='word_1_205' title='bbox 1132 1639 1286 1675; x_wconf 88' lang='lat' dir='ltr'>contra</span> <span class='ocrx_word' id='word_1_206' title='bbox 1296 1626 1521 1676; x_wconf 85' lang='lat' dir='ltr'>Gelonum</span> <span class='ocrx_word' id='word_1_207' title='bbox 1530 1660 1544 1685; x_wconf 84' lang='lat'>‚</span> <span class='ocrx_word' id='word_1_208' title='bbox 1555 1630 1849 1676; x_wconf 88' lang='lat' dir='ltr'>Lucumonum</span> 
     </span>
     <span class='ocr_line' id='line_1_23' title="bbox 99 1695 1060 1760; baseline -0.006 -13"><span class='ocrx_word' id='word_1_209' title='bbox 99 1697 374 1747; x_wconf 88' lang='lat' dir='ltr'>seditionibus</span> <span class='ocrx_word' id='word_1_210' title='bbox 385 1712 466 1745; x_wconf 93' lang='lat' dir='ltr'>nec</span> <span class='ocrx_word' id='word_1_211' title='bbox 477 1695 749 1753; x_wconf 82' lang='lat' dir='ltr'>conceditur,</span> <span class='ocrx_word' id='word_1_212' title='bbox 761 1712 842 1743; x_wconf 91' lang='lat' dir='ltr'>nec</span> <span class='ocrx_word' id='word_1_213' title='bbox 854 1708 1037 1760; x_wconf 87' lang='lat' dir='ltr'>negatur</span> <span class='ocrx_word' id='word_1_214' title='bbox 1047 1728 1060 1741; x_wconf 90' lang='lat'><strong>.</strong></span> 
     </span>
    </p>

    <p class='ocr_par' dir='ltr' id='par_1_7' title="bbox 99 1761 1854 2167">
     <span class='ocr_line' id='line_1_24' title="bbox 166 1761 1852 1828; baseline -0.004 -12"><span class='ocrx_word' id='word_1_215' title='bbox 166 1768 233 1816; x_wconf 83' lang='grc' dir='ltr'>εἰσ</span> <span class='ocrx_word' id='word_1_216' title='bbox 244 1768 522 1828; x_wconf 68' lang='lat' dir='ltr'>cioccctxxxj.</span> <span class='ocrx_word' id='word_1_217' title='bbox 559 1763 713 1812; x_wconf 88' lang='lat' dir='ltr'>Orcho</span> <span class='ocrx_word' id='word_1_218' title='bbox 724 1765 914 1812; x_wconf 88' lang='lat' dir='ltr'>Atriario</span> <span class='ocrx_word' id='word_1_219' title='bbox 925 1763 1183 1811; x_wconf 89' lang='lat' dir='ltr'>Lucumonis</span> <span class='ocrx_word' id='word_1_220' title='bbox 1193 1780 1302 1813; x_wconf 88' lang='lat' dir='ltr'>onus</span> <span class='ocrx_word' id='word_1_221' title='bbox 1312 1761 1599 1812; x_wconf 90' lang='lat' dir='ltr'>sustinendum</span> <span class='ocrx_word' id='word_1_222' title='bbox 1620 1764 1852 1811; x_wconf 87' lang='lat' dir='ltr'>committi-</span> 
     </span>
     <span class='ocr_line' id='line_1_25' title="bbox 99 1830 1852 1899; baseline -0.003 -16"><span class='ocrx_word' id='word_1_223' title='bbox 99 1851 185 1883; x_wconf 91' lang='lat' dir='ltr'>tur:</span> <span class='ocrx_word' id='word_1_224' title='bbox 198 1849 290 1882; x_wconf 89' lang='lat' dir='ltr'>tum</span> <span class='ocrx_word' id='word_1_225' title='bbox 300 1833 532 1882; x_wconf 89' lang='lat' dir='ltr'>seditiones</span> <span class='ocrx_word' id='word_1_226' title='bbox 553 1832 703 1880; x_wconf 89' lang='lat' dir='ltr'>ciuiles</span> <span class='ocrx_word' id='word_1_227' title='bbox 716 1868 725 1877; x_wconf 91' lang='lat'><strong>.</strong></span> <span class='ocrx_word' id='word_1_228' title='bbox 737 1831 876 1880; x_wconf 89' lang='lat' dir='ltr'>Ansur</span> <span class='ocrx_word' id='word_1_229' title='bbox 886 1836 1062 1879; x_wconf 86' lang='lat' dir='ltr'>Maurus</span> <span class='ocrx_word' id='word_1_230' title='bbox 1073 1848 1124 1879; x_wconf 90' lang='lat' dir='ltr'>ex</span> <span class='ocrx_word' id='word_1_231' title='bbox 1136 1835 1255 1899; x_wconf 84' lang='lat' dir='ltr'>Sagis</span> <span class='ocrx_word' id='word_1_232' title='bbox 1262 1831 1543 1881; x_wconf 81' lang='lat' dir='ltr'>Pontificibus</span> <span class='ocrx_word' id='word_1_233' title='bbox 1554 1834 1698 1880; x_wconf 91' lang='lat' dir='ltr'>tertius</span> <span class='ocrx_word' id='word_1_234' title='bbox 1710 1848 1782 1879; x_wconf 81' lang='lat' dir='ltr'>eas</span> <span class='ocrx_word' id='word_1_235' title='bbox 1793 1830 1852 1879; x_wconf 89' lang='lat' dir='ltr'>se-</span> 
     </span>
     <span class='ocr_line' id='line_1_26' title="bbox 101 1897 1854 1967; baseline -0.002 -17"><span class='ocrx_word' id='word_1_236' title='bbox 101 1903 221 1951; x_wconf 86' lang='lat' dir='ltr'>dauit</span> <span class='ocrx_word' id='word_1_237' title='bbox 232 1938 243 1950; x_wconf 85' lang='lat'><strong>.</strong></span> <span class='ocrx_word' id='word_1_238' title='bbox 278 1903 395 1951; x_wconf 81' lang='lat' dir='ltr'>Galli</span> <span class='ocrx_word' id='word_1_239' title='bbox 405 1899 607 1967; x_wconf 81' lang='lat' dir='ltr'>quasdam</span> <span class='ocrx_word' id='word_1_240' title='bbox 617 1901 827 1950; x_wconf 83' lang='lat' dir='ltr'>Colonias</span> <span class='ocrx_word' id='word_1_241' title='bbox 843 1897 1209 1964; x_wconf 84' lang='lat' dir='ltr'>Transapenninas</span> <span class='ocrx_word' id='word_1_242' title='bbox 1230 1899 1427 1967; x_wconf 87' lang='lat' dir='ltr'>superant</span> <span class='ocrx_word' id='word_1_243' title='bbox 1438 1936 1448 1946; x_wconf 89' lang='lat'><strong>.</strong></span> <span class='ocrx_word' id='word_1_244' title='bbox 1484 1900 1559 1948; x_wconf 93' lang='lat' dir='ltr'>Ad</span> <span class='ocrx_word' id='word_1_245' title='bbox 1569 1903 1731 1949; x_wconf 86' lang='lat' dir='ltr'>Fanum</span> <span class='ocrx_word' id='word_1_246' title='bbox 1741 1903 1854 1947; x_wconf 90' lang='lat' dir='ltr'>Her-</span> 
     </span>
     <span class='ocr_line' id='line_1_27' title="bbox 100 1967 1853 2034; baseline -0.002 -15"><span class='ocrx_word' id='word_1_247' title='bbox 100 1973 207 2020; x_wconf 81' lang='lat' dir='ltr'>culis</span> <span class='ocrx_word' id='word_1_248' title='bbox 218 1971 400 2019; x_wconf 86' lang='lat' dir='ltr'>habetur</span> <span class='ocrx_word' id='word_1_249' title='bbox 409 1970 653 2018; x_wconf 91' lang='lat' dir='ltr'>Concilium</span> <span class='ocrx_word' id='word_1_250' title='bbox 665 2006 676 2018; x_wconf 91' lang='lat'>.</span> <span class='ocrx_word' id='word_1_251' title='bbox 710 1969 880 2019; x_wconf 87' lang='lat' dir='ltr'>Turnus</span> <span class='ocrx_word' id='word_1_252' title='bbox 889 1967 1234 2020; x_wconf 85' lang='lat' dir='ltr'>Ruffellanorum</span> <span class='ocrx_word' id='word_1_253' title='bbox 1244 1972 1467 2017; x_wconf 93' lang='lat' dir='ltr'>Lucumon</span> <span class='ocrx_word' id='word_1_254' title='bbox 1477 1968 1560 2017; x_wconf 86' lang='lat' dir='ltr'>dux</span> <span class='ocrx_word' id='word_1_255' title='bbox 1570 1982 1739 2017; x_wconf 87' lang='lat' dir='ltr'>creatur</span> <span class='ocrx_word' id='word_1_256' title='bbox 1747 2002 1761 2025; x_wconf 79' lang='grc'>,</span> <span class='ocrx_word' id='word_1_257' title='bbox 1780 1970 1853 2034; x_wconf 89' lang='lat' dir='ltr'>qui</span> 
     </span>
     <span class='ocr_line' id='line_1_28' title="bbox 102 2035 1853 2107; baseline -0.002 -19"><span class='ocrx_word' id='word_1_258' title='bbox 102 2058 253 2107; x_wconf 85' lang='lat' dir='ltr'>parum</span> <span class='ocrx_word' id='word_1_259' title='bbox 265 2039 441 2088; x_wconf 76' lang='lat' dir='ltr'>honeste</span> <span class='ocrx_word' id='word_1_260' title='bbox 453 2036 640 2087; x_wconf 88' lang='lat' dir='ltr'>reuersus</span> <span class='ocrx_word' id='word_1_261' title='bbox 651 2038 831 2096; x_wconf 87' lang='lat' dir='ltr'>est‚cum</span> <span class='ocrx_word' id='word_1_262' title='bbox 841 2035 1032 2085; x_wconf 85' lang='lat' dir='ltr'>inducias</span> <span class='ocrx_word' id='word_1_263' title='bbox 1043 2039 1223 2085; x_wconf 89' lang='lat' dir='ltr'>iniuerit.</span> <span class='ocrx_word' id='word_1_264' title='bbox 1236 2040 1444 2086; x_wconf 87' lang='lat' dir='ltr'>Veientes</span> <span class='ocrx_word' id='word_1_265' title='bbox 1455 2037 1510 2086; x_wconf 87' lang='lat' dir='ltr'>ab</span> <span class='ocrx_word' id='word_1_266' title='bbox 1520 2039 1730 2087; x_wconf 90' lang='lat' dir='ltr'>Arretinis</span> <span class='ocrx_word' id='word_1_267' title='bbox 1742 2040 1853 2085; x_wconf 92' lang='lat' dir='ltr'>Cor-</span> 
     </span>
     <span class='ocr_line' id='line_1_29' title="bbox 103 2104 1428 2167; baseline -0.004 -10"><span class='ocrx_word' id='word_1_268' title='bbox 103 2108 346 2157; x_wconf 84' lang='lat' dir='ltr'>tonensibus</span> <span class='ocrx_word' id='word_1_269' title='bbox 355 2143 368 2167; x_wconf 91' lang='lat'><em>,</em></span> <span class='ocrx_word' id='word_1_270' title='bbox 381 2114 424 2156; x_wconf 88' lang='lat'>&amp;</span> <span class='ocrx_word' id='word_1_271' title='bbox 433 2106 636 2156; x_wconf 84' lang='lat' dir='ltr'>Perusinis</span> <span class='ocrx_word' id='word_1_272' title='bbox 647 2106 778 2156; x_wconf 87' lang='lat' dir='ltr'>adiuti</span> <span class='ocrx_word' id='word_1_273' title='bbox 788 2108 998 2157; x_wconf 88' lang='lat' dir='ltr'>Romanis</span> <span class='ocrx_word' id='word_1_274' title='bbox 1008 2104 1163 2154; x_wconf 85' lang='lat' dir='ltr'>damna</span> <span class='ocrx_word' id='word_1_275' title='bbox 1173 2106 1407 2155; x_wconf 92' lang='lat' dir='ltr'>intulerunt</span> <span class='ocrx_word' id='word_1_276' title='bbox 1417 2142 1428 2152; x_wconf 93' lang='lat'><strong>.</strong></span> 
     </span>
    </p>

    <p class='ocr_par' dir='ltr' id='par_1_8' title="bbox 106 2174 1856 2380">
     <span class='ocr_line' id='line_1_30' title="bbox 172 2174 1855 2236; baseline -0.004 -10"><span class='ocrx_word' id='word_1_277' title='bbox 172 2179 238 2226; x_wconf 89' lang='grc' dir='ltr'>εἰσ</span> <span class='ocrx_word' id='word_1_278' title='bbox 250 2179 316 2224; x_wconf 90' lang='grc' dir='ltr'>εἰσ</span> <span class='ocrx_word' id='word_1_279' title='bbox 327 2193 559 2236; x_wconf 66' lang='grc' dir='ltr'>εεεῐσωοιν.δ</span> <span class='ocrx_word' id='word_1_280' title='bbox 586 2179 733 2224; x_wconf 81' lang='lat' dir='ltr'>Lartes</span> <span class='ocrx_word' id='word_1_281' title='bbox 745 2176 1014 2223; x_wconf 87' lang='lat' dir='ltr'>Moriconius</span> <span class='ocrx_word' id='word_1_282' title='bbox 1024 2177 1251 2223; x_wconf 90' lang='lat' dir='ltr'>Lucumon</span> <span class='ocrx_word' id='word_1_283' title='bbox 1261 2210 1274 2222; x_wconf 85' lang='lat'><strong>.</strong></span> <span class='ocrx_word' id='word_1_284' title='bbox 1309 2177 1493 2223; x_wconf 88' lang='lat' dir='ltr'>Moritur</span> <span class='ocrx_word' id='word_1_285' title='bbox 1505 2179 1698 2222; x_wconf 89' lang='lat' dir='ltr'>Summus</span> <span class='ocrx_word' id='word_1_286' title='bbox 1707 2174 1855 2221; x_wconf 89' lang='lat' dir='ltr'>Ponti-</span> 
     </span>
     <span class='ocr_line' id='line_1_31' title="bbox 106 2237 1856 2307; baseline -0.003 -14"><span class='ocrx_word' id='word_1_287' title='bbox 106 2243 188 2293; x_wconf 85' lang='lat' dir='ltr'>fex:</span> <span class='ocrx_word' id='word_1_288' title='bbox 201 2247 271 2294; x_wconf 89' lang='lat' dir='ltr'>cui</span> <span class='ocrx_word' id='word_1_289' title='bbox 281 2250 422 2294; x_wconf 91' lang='lat' dir='ltr'>Aruns</span> <span class='ocrx_word' id='word_1_290' title='bbox 432 2249 608 2292; x_wconf 83' lang='lat' dir='ltr'>Maurus</span> <span class='ocrx_word' id='word_1_291' title='bbox 618 2242 819 2293; x_wconf 73' lang='lat' dir='ltr'>successit.</span> <span class='ocrx_word' id='word_1_292' title='bbox 832 2242 1089 2293; x_wconf 86' lang='lat' dir='ltr'>Sacerdotes</span> <span class='ocrx_word' id='word_1_293' title='bbox 1098 2245 1296 2307; x_wconf 87' lang='lat' dir='ltr'>Herculis</span> <span class='ocrx_word' id='word_1_294' title='bbox 1305 2259 1476 2292; x_wconf 86' lang='lat' dir='ltr'>veneno</span> <span class='ocrx_word' id='word_1_295' title='bbox 1489 2259 1641 2290; x_wconf 90' lang='lat' dir='ltr'>omnes</span> <span class='ocrx_word' id='word_1_296' title='bbox 1652 2240 1742 2289; x_wconf 91' lang='lat' dir='ltr'>sunt</span> <span class='ocrx_word' id='word_1_297' title='bbox 1751 2237 1856 2289; x_wconf 85' lang='lat' dir='ltr'>con-</span> 
     </span>
     <span class='ocr_line' id='line_1_32' title="bbox 106 2309 1855 2380; baseline -0.003 -18"><span class='ocrx_word' id='word_1_298' title='bbox 106 2312 282 2380; x_wconf 90' lang='lat' dir='ltr'>sumpti.</span> <span class='ocrx_word' id='word_1_299' title='bbox 318 2312 477 2361; x_wconf 82' lang='lat' dir='ltr'>Ansara</span> <span class='ocrx_word' id='word_1_300' title='bbox 486 2315 686 2362; x_wconf 89' lang='lat' dir='ltr'>Petronia</span> <span class='ocrx_word' id='word_1_301' title='bbox 697 2312 879 2361; x_wconf 83' lang='lat' dir='ltr'>Vestalis</span> <span class='ocrx_word' id='word_1_302' title='bbox 904 2311 1123 2377; x_wconf 82' lang='lat' dir='ltr'>impudica</span> <span class='ocrx_word' id='word_1_303' title='bbox 1134 2313 1303 2378; x_wconf 84' lang='lat' dir='ltr'>exlegis</span> <span class='ocrx_word' id='word_1_304' title='bbox 1322 2310 1502 2359; x_wconf 91' lang='lat' dir='ltr'>decreto</span> <span class='ocrx_word' id='word_1_305' title='bbox 1514 2313 1611 2358; x_wconf 83' lang='lat' dir='ltr'>viua</span> <span class='ocrx_word' id='word_1_306' title='bbox 1630 2309 1832 2376; x_wconf 88' lang='lat' dir='ltr'>sepelitur</span> <span class='ocrx_word' id='word_1_307' title='bbox 1842 2344 1855 2356; x_wconf 89' lang='lat'><strong>.</strong></span> 
     </span>
    </p>

    <p class='ocr_par' dir='ltr' id='par_1_9' title="bbox 105 2377 1856 2637">
     <span class='ocr_line' id='line_1_33' title="bbox 173 2377 1854 2446; baseline -0.003 -16"><span class='ocrx_word' id='word_1_308' title='bbox 173 2385 239 2431; x_wconf 88' lang='grc' dir='ltr'>εἰσ</span> <span class='ocrx_word' id='word_1_309' title='bbox 250 2384 315 2430; x_wconf 88' lang='grc' dir='ltr'>εἰσ</span> <span class='ocrx_word' id='word_1_310' title='bbox 327 2384 560 2446; x_wconf 70' lang='lat' dir='ltr'>ccctxxxjx.</span> <span class='ocrx_word' id='word_1_311' title='bbox 594 2383 853 2430; x_wconf 90' lang='lat' dir='ltr'>Lucumonis</span> <span class='ocrx_word' id='word_1_312' title='bbox 863 2398 1013 2429; x_wconf 91' lang='lat' dir='ltr'>munus</span> <span class='ocrx_word' id='word_1_313' title='bbox 1023 2377 1200 2446; x_wconf 87' lang='lat' dir='ltr'>suscepit</span> <span class='ocrx_word' id='word_1_314' title='bbox 1218 2384 1384 2428; x_wconf 89' lang='lat' dir='ltr'>Luceus</span> <span class='ocrx_word' id='word_1_315' title='bbox 1403 2381 1623 2426; x_wconf 87' lang='lat' dir='ltr'>Pomarius</span> <span class='ocrx_word' id='word_1_316' title='bbox 1635 2413 1647 2425; x_wconf 90' lang='lat'><strong>.</strong></span> <span class='ocrx_word' id='word_1_317' title='bbox 1683 2378 1854 2425; x_wconf 88' lang='lat' dir='ltr'>Vulter-</span> 
     </span>
     <span class='ocr_line' id='line_1_34' title="bbox 106 2446 1856 2516; baseline -0.003 -17"><span class='ocrx_word' id='word_1_318' title='bbox 106 2452 197 2499; x_wconf 84' lang='lat' dir='ltr'>rani</span> <span class='ocrx_word' id='word_1_319' title='bbox 208 2466 293 2499; x_wconf 87' lang='lat' dir='ltr'>tres</span> <span class='ocrx_word' id='word_1_320' title='bbox 305 2451 537 2499; x_wconf 91' lang='lat' dir='ltr'>Siculorum</span> <span class='ocrx_word' id='word_1_321' title='bbox 546 2452 701 2499; x_wconf 88' lang='lat' dir='ltr'>Naues</span> <span class='ocrx_word' id='word_1_322' title='bbox 710 2464 921 2516; x_wconf 90' lang='lat' dir='ltr'>ceperunt</span> <span class='ocrx_word' id='word_1_323' title='bbox 930 2484 941 2496; x_wconf 93' lang='lat'><em>.</em></span> <span class='ocrx_word' id='word_1_324' title='bbox 975 2447 1218 2497; x_wconf 87' lang='lat' dir='ltr'>Trafibulus</span> <span class='ocrx_word' id='word_1_325' title='bbox 1228 2450 1394 2514; x_wconf 84' lang='lat' dir='ltr'>legatos</span> <span class='ocrx_word' id='word_1_326' title='bbox 1404 2446 1460 2494; x_wconf 87' lang='lat' dir='ltr'>ad</span> <span class='ocrx_word' id='word_1_327' title='bbox 1470 2448 1747 2494; x_wconf 83' lang='lat' dir='ltr'>Vulterranos</span> <span class='ocrx_word' id='word_1_328' title='bbox 1757 2448 1856 2494; x_wconf 87' lang='lat' dir='ltr'>mit·-</span> 
     </span>
     <span class='ocr_line' id='line_1_35' title="bbox 105 2515 1854 2585; baseline -0.003 -18"><span class='ocrx_word' id='word_1_329' title='bbox 105 2521 156 2567; x_wconf 92' lang='lat' dir='ltr'>tit</span> <span class='ocrx_word' id='word_1_330' title='bbox 165 2554 178 2577; x_wconf 88' lang='lat'>‚</span> <span class='ocrx_word' id='word_1_331' title='bbox 187 2521 341 2568; x_wconf 79' lang='lat' dir='ltr'>Naues</span> <span class='ocrx_word' id='word_1_332' title='bbox 351 2534 623 2585; x_wconf 88' lang='lat' dir='ltr'>repetentes:</span> <span class='ocrx_word' id='word_1_333' title='bbox 636 2518 799 2568; x_wconf 83' lang='lat' dir='ltr'>foedere</span> <span class='ocrx_word' id='word_1_334' title='bbox 810 2521 918 2568; x_wconf 90' lang='lat' dir='ltr'>inito</span> <span class='ocrx_word' id='word_1_335' title='bbox 929 2517 1168 2566; x_wconf 88' lang='lat' dir='ltr'>redduntur</span> <span class='ocrx_word' id='word_1_336' title='bbox 1179 2553 1192 2566; x_wconf 83' lang='lat'><strong>.</strong></span> <span class='ocrx_word' id='word_1_337' title='bbox 1225 2517 1434 2564; x_wconf 79' lang='lat' dir='ltr'>Vulterrae</span> <span class='ocrx_word' id='word_1_338' title='bbox 1445 2516 1647 2581; x_wconf 85' lang='lat' dir='ltr'>generale</span> <span class='ocrx_word' id='word_1_339' title='bbox 1659 2515 1854 2563; x_wconf 88' lang='lat' dir='ltr'>Concili-</span> 
     </span>
     <span class='ocr_line' id='line_1_36' title="bbox 109 2588 456 2637; baseline -0.003 -1"><span class='ocrx_word' id='word_1_340' title='bbox 109 2605 182 2636; x_wconf 90' lang='lat' dir='ltr'>um</span> <span class='ocrx_word' id='word_1_341' title='bbox 192 2588 435 2637; x_wconf 88' lang='lat' dir='ltr'>celebratur</span> <span class='ocrx_word' id='word_1_342' title='bbox 445 2623 456 2635; x_wconf 91' lang='lat'><strong><em>.</em></strong></span> 
     </span>
    </p>

    <p class='ocr_par' dir='ltr' id='par_1_10' title="bbox 108 2648 1854 2994">
     <span class='ocr_line' id='line_1_37' title="bbox 172 2648 1854 2719; baseline -0.005 -15"><span class='ocrx_word' id='word_1_343' title='bbox 172 2658 240 2704; x_wconf 91' lang='grc' dir='ltr'>εἰσ</span> <span class='ocrx_word' id='word_1_344' title='bbox 250 2658 315 2704; x_wconf 93' lang='grc' dir='ltr'>εἰσ</span> <span class='ocrx_word' id='word_1_345' title='bbox 325 2657 518 2719; x_wconf 83' lang='lat' dir='ltr'>cccxciij.</span> <span class='ocrx_word' id='word_1_346' title='bbox 552 2658 703 2705; x_wconf 90' lang='lat' dir='ltr'>Crono</span> <span class='ocrx_word' id='word_1_347' title='bbox 714 2654 847 2704; x_wconf 86' lang='lat' dir='ltr'>Gesio</span> <span class='ocrx_word' id='word_1_348' title='bbox 866 2651 1292 2717; x_wconf 79' lang='lat' dir='ltr'>Lucumone,plebes</span> <span class='ocrx_word' id='word_1_349' title='bbox 1311 2667 1461 2700; x_wconf 89' lang='lat' dir='ltr'>contra</span> <span class='ocrx_word' id='word_1_350' title='bbox 1481 2649 1671 2699; x_wconf 86' lang='lat' dir='ltr'>Nobiles</span> <span class='ocrx_word' id='word_1_351' title='bbox 1683 2648 1854 2716; x_wconf 85' lang='lat' dir='ltr'>insurgit</span> 
     </span>
     <span class='ocr_line' id='line_1_38' title="bbox 108 2719 1853 2788; baseline -0.003 -17"><span class='ocrx_word' id='word_1_352' title='bbox 108 2721 163 2772; x_wconf 91' lang='lat' dir='ltr'>de</span> <span class='ocrx_word' id='word_1_353' title='bbox 175 2723 329 2788; x_wconf 86' lang='lat' dir='ltr'>officijs</span> <span class='ocrx_word' id='word_1_354' title='bbox 339 2759 352 2783; x_wconf 84' lang='lat'>,</span> <span class='ocrx_word' id='word_1_355' title='bbox 364 2730 409 2773; x_wconf 63' lang='grc' dir='ltr'>ὃς</span> <span class='ocrx_word' id='word_1_356' title='bbox 419 2725 652 2772; x_wconf 88' lang='lat' dir='ltr'>honoribus</span> <span class='ocrx_word' id='word_1_357' title='bbox 662 2726 781 2772; x_wconf 84' lang='lat' dir='ltr'>anxia</span> <span class='ocrx_word' id='word_1_358' title='bbox 792 2758 803 2770; x_wconf 89' lang='lat'><strong><em>.</em></strong></span> <span class='ocrx_word' id='word_1_359' title='bbox 848 2725 1058 2780; x_wconf 82' lang='lat' dir='ltr'>Arretini,</span> <span class='ocrx_word' id='word_1_360' title='bbox 1080 2729 1124 2770; x_wconf 89' lang='lat'>&amp;</span> <span class='ocrx_word' id='word_1_361' title='bbox 1144 2720 1330 2767; x_wconf 80' lang='lat' dir='ltr'>Perusini</span> <span class='ocrx_word' id='word_1_362' title='bbox 1350 2719 1404 2768; x_wconf 93' lang='lat' dir='ltr'>de</span> <span class='ocrx_word' id='word_1_363' title='bbox 1426 2719 1581 2766; x_wconf 86' lang='lat' dir='ltr'>finibus</span> <span class='ocrx_word' id='word_1_364' title='bbox 1601 2720 1853 2766; x_wconf 82' lang='lat' dir='ltr'>altercantes</span> 
     </span>
     <span class='ocr_line' id='line_1_39' title="bbox 109 2786 1852 2851; baseline -0.004 -11"><span class='ocrx_word' id='word_1_365' title='bbox 109 2809 227 2841; x_wconf 83' lang='lat' dir='ltr'>arma</span> <span class='ocrx_word' id='word_1_366' title='bbox 237 2791 421 2842; x_wconf 88' lang='lat' dir='ltr'>sumunt.</span> <span class='ocrx_word' id='word_1_367' title='bbox 457 2798 577 2841; x_wconf 84' lang='lat' dir='ltr'>Senae</span> <span class='ocrx_word' id='word_1_368' title='bbox 588 2792 767 2840; x_wconf 86' lang='lat' dir='ltr'>habetur</span> <span class='ocrx_word' id='word_1_369' title='bbox 779 2793 1022 2839; x_wconf 89' lang='lat' dir='ltr'>Concilium</span> <span class='ocrx_word' id='word_1_370' title='bbox 1035 2827 1045 2837; x_wconf 91' lang='lat'><strong><em>.</em></strong></span> <span class='ocrx_word' id='word_1_371' title='bbox 1081 2793 1302 2851; x_wconf 83' lang='lat' dir='ltr'>Lucumon</span> <span class='ocrx_word' id='word_1_372' title='bbox 1313 2790 1537 2835; x_wconf 86' lang='lat' dir='ltr'>Arretinus</span> <span class='ocrx_word' id='word_1_373' title='bbox 1548 2822 1561 2844; x_wconf 83' lang='grc'>,</span> <span class='ocrx_word' id='word_1_374' title='bbox 1581 2794 1624 2834; x_wconf 89' lang='lat'>&amp;</span> <span class='ocrx_word' id='word_1_375' title='bbox 1635 2786 1852 2834; x_wconf 84' lang='lat' dir='ltr'>Perusinus</span> 
     </span>
     <span class='ocr_line' id='line_1_40' title="bbox 110 2855 1853 2926; baseline -0.005 -17"><span class='ocrx_word' id='word_1_376' title='bbox 110 2860 361 2910; x_wconf 85' lang='lat' dir='ltr'>damnantur</span> <span class='ocrx_word' id='word_1_377' title='bbox 370 2897 382 2908; x_wconf 89' lang='lat'><strong>.</strong></span> <span class='ocrx_word' id='word_1_378' title='bbox 393 2862 509 2909; x_wconf 86' lang='lat' dir='ltr'>Galli</span> <span class='ocrx_word' id='word_1_379' title='bbox 517 2859 881 2926; x_wconf 81' lang='lat' dir='ltr'>Transapenninas</span> <span class='ocrx_word' id='word_1_380' title='bbox 893 2861 1099 2907; x_wconf 90' lang='lat' dir='ltr'>Colonias</span> <span class='ocrx_word' id='word_1_381' title='bbox 1110 2858 1236 2904; x_wconf 82' lang='lat' dir='ltr'>armis</span> <span class='ocrx_word' id='word_1_382' title='bbox 1246 2856 1456 2904; x_wconf 81' lang='lat' dir='ltr'>inuadunt</span> <span class='ocrx_word' id='word_1_383' title='bbox 1467 2892 1478 2902; x_wconf 89' lang='lat'><strong>.</strong></span> <span class='ocrx_word' id='word_1_384' title='bbox 1491 2856 1562 2903; x_wconf 88' lang='lat' dir='ltr'>Ad</span> <span class='ocrx_word' id='word_1_385' title='bbox 1574 2859 1735 2902; x_wconf 82' lang='lat' dir='ltr'>Fanum</span> <span class='ocrx_word' id='word_1_386' title='bbox 1746 2855 1853 2901; x_wconf 89' lang='lat' dir='ltr'>Vol-</span> 
     </span>
     <span class='ocr_line' id='line_1_41' title="bbox 111 2924 1785 2994; baseline -0.005 -17"><span class='ocrx_word' id='word_1_387' title='bbox 111 2943 257 2992; x_wconf 59' lang='lat' dir='ltr'>tumne</span> <span class='ocrx_word' id='word_1_388' title='bbox 268 2929 451 2978; x_wconf 87' lang='lat' dir='ltr'>habetur</span> <span class='ocrx_word' id='word_1_389' title='bbox 462 2931 708 2977; x_wconf 89' lang='lat' dir='ltr'>Concilium</span> <span class='ocrx_word' id='word_1_390' title='bbox 719 2963 732 2986; x_wconf 84' lang='lat'><strong><em>,</em></strong></span> <span class='ocrx_word' id='word_1_391' title='bbox 742 2934 786 2977; x_wconf 88' lang='lat'>&amp;</span> <span class='ocrx_word' id='word_1_392' title='bbox 801 2934 1029 2994; x_wconf 86' lang='lat' dir='ltr'>Morgetes</span> <span class='ocrx_word' id='word_1_393' title='bbox 1041 2927 1244 2974; x_wconf 82' lang='lat' dir='ltr'>Caeritum</span> <span class='ocrx_word' id='word_1_394' title='bbox 1254 2927 1475 2973; x_wconf 90' lang='lat' dir='ltr'>Lucumon</span> <span class='ocrx_word' id='word_1_395' title='bbox 1497 2924 1579 2971; x_wconf 89' lang='lat' dir='ltr'>dux</span> <span class='ocrx_word' id='word_1_396' title='bbox 1599 2925 1764 2988; x_wconf 84' lang='lat' dir='ltr'>eligitur</span> <span class='ocrx_word' id='word_1_397' title='bbox 1775 2957 1785 2968; x_wconf 90' lang='lat'><strong>.</strong></span> 
     </span>
    </p>

    <p class='ocr_par' dir='ltr' id='par_1_11' title="bbox 174 2991 1851 3059">
     <span class='ocr_line' id='line_1_42' title="bbox 174 2991 1851 3059; baseline -0.006 -13"><span class='ocrx_word' id='word_1_398' title='bbox 174 3001 243 3047; x_wconf 83' lang='grc' dir='ltr'>εἰσ</span> <span class='ocrx_word' id='word_1_399' title='bbox 254 3000 320 3047; x_wconf 89' lang='grc' dir='ltr'>εἰσ</span> <span class='ocrx_word' id='word_1_400' title='bbox 332 2999 538 3059; x_wconf 88' lang='lat' dir='ltr'>cccxcvij.</span> <span class='ocrx_word' id='word_1_401' title='bbox 558 2997 839 3044; x_wconf 90' lang='lat' dir='ltr'>Constituitur</span> <span class='ocrx_word' id='word_1_402' title='bbox 850 2999 1070 3043; x_wconf 86' lang='lat' dir='ltr'>Lucumon</span> <span class='ocrx_word' id='word_1_403' title='bbox 1083 2993 1360 3040; x_wconf 82' lang='lat' dir='ltr'>Vulterranus</span> <span class='ocrx_word' id='word_1_404' title='bbox 1370 2995 1602 3039; x_wconf 89' lang='lat' dir='ltr'>Amuccius</span> <span class='ocrx_word' id='word_1_405' title='bbox 1612 2991 1851 3039; x_wconf 85' lang='lat' dir='ltr'>Fidentius.</span> 
     </span>
    </p>
   </div>
   <div class='ocr_carea' id='block_1_4' title="bbox 1635 3076 1790 3125">
    <p class='ocr_par' dir='ltr' id='par_1_12' title="bbox 1635 3076 1790 3125">
     <span class='ocr_line' id='line_1_43' title="bbox 1635 3076 1790 3125; baseline -0.006 0"><span class='ocrx_word' id='word_1_406' title='bbox 1635 3076 1790 3125; x_wconf 90' lang='lat' dir='ltr'>Thusci</span> 
     </span>
    </p>
   </div>
   <div class='ocr_carea' id='block_1_5' title="bbox 119 3144 2078 3170">
    <p class='ocr_par' dir='ltr' id='par_1_13' title="bbox 119 3144 2078 3170">
     <span class='ocr_line' id='line_1_44' title="bbox 119 3144 2078 3170; baseline -0.003 -10"><span class='ocrx_word' id='word_1_407' title='bbox 119 3144 2078 3170; x_wconf 45' lang='grc' dir='ltr'><em>Μ</em></span> 
     </span>
    </p>
   </div>
   <div class='ocr_carea' id='block_1_6' title="bbox 1846 383 1868 3092">
    <p class='ocr_par' dir='ltr' id='par_1_14' title="bbox 1846 383 1868 3092">
     <span class='ocr_line' id='line_1_45' title="bbox 1846 383 1865 2213; baseline 0 -1101"><span class='ocrx_word' id='word_1_408' title='bbox 1846 383 1865 2213; x_wconf 95' lang='lat' dir='ltr'>        </span> 
     </span>
     <span class='ocr_line' id='line_1_46' title="bbox 1856 2213 1868 3092; baseline 0 -541"><span class='ocrx_word' id='word_1_409' title='bbox 1856 2213 1868 3092; x_wconf 95' lang='lat' dir='ltr'>    </span> 
     </span>
    </p>
   </div>
   <div class='ocr_carea' id='block_1_7' title="bbox 111 3062 1846 3080">
    <p class='ocr_par' dir='ltr' id='par_1_15' title="bbox 111 3062 1846 3080">
     <span class='ocr_line' id='line_1_47' title="bbox 111 3062 1846 3080; baseline 0 500"><span class='ocrx_word' id='word_1_410' title='bbox 111 3062 1846 3080; x_wconf 95' lang='lat' dir='ltr'> </span> 
     </span>
    </p>
   </div>
  </div>
 </body>
</html>
