2406 3580
115 443 532 511 'cupantjPersaeum
542 448 887 497 vincuntstotius
899 446 1173 496 Macedoniae
1192 450 1436 513 potiuntur.
1471 450 1660 499 Gentius
1681 452 1888 499 Illiridum

125 518 220 564 Rex
229 547 243 570 ,
254 531 352 561 curn
366 514 679 564 Macedonicas
688 529 832 580 partes
843 511 1114 581 sequeretur,
1127 513 1152 563 a
1163 520 1375 568 Romanis
1386 515 1628 568 debellatur
1643 554 1655 567 .
1700 523 1762 569 Pe
1770 518 1892 569 rsaeus

114 578 170 639 {in
190 584 455 630 Samotracia
474 584 669 648 captiuus
689 577 897 631 efficitur.
944 585 1107 650 Syri,&
1121 586 1302 650 AEgiptij
1315 590 1619 636 Romanorum
1632 605 1773 654 opera
1786 605 1894 637 con-

115 652 342 699 ‘ciliantun
377 651 495 699 Galli
505 651 654 716 Alpini
667 652 767 699 victi
778 649 872 700 sunt
884 646 911 699 ὲ
921 654 1134 703 Romanis
1145 684 1158 711 ,
1169 655 1245 719 qui
1254 668 1349 703 tota
1371 655 1491 702 Italia
1503 659 1656 720 potiti.
1676 657 1868 721 Rhodijs
1879 690 1893 715 ,

114 701 202 784 ¹qui
214 717 375 767 Persaeo
388 717 613 777 fauebant,
625 717 854 786 ignoscitur
863 755 873 766 .
890 721 1277 770 ItaliPtolemaeum
1298 725 1342 770 in
1358 725 1601 789 AEgiptium
1614 729 1816 791 Regnum
1828 743 1894 774 re-

129 787 420 852 stituunttpost
430 787 657 835 nonnullas
667 787 812 837 clades
821 787 1042 846 Corsos‚&
1055 787 1272 838 Lusitanos
1284 794 1791 858 puniunttcappadocum
1805 798 1895 843 Re-

115 873 260 950 lgnum
270 855 470 903 Nariathi
482 855 700 904 restituere
711 872 862 905 curant
873 876 886 913 3
897 857 968 905 hic
980 861 1095 905 enim
1107 859 1132 905 a
1142 862 1272 925 Syriae
1283 876 1395 926 Rege
1409 862 1571 908 eiectus
1583 861 1723 909 fuerat
1734 898 1744 908 .
1785 863 1895 910 Dal-

130 940 257 972 matae
269 921 461 988 affligunt
472 924 667 981 Illiricos3
676 925 811 990 quare
825 925 850 974 a
860 928 1053 975 Romanis
1065 942 1243 992 magnus
1254 930 1464 977 exercitus
1481 930 1526 975 in
1539 930 1805 979 Dalmatiam
1816 932 1875 978 mi

131 991 217 1049 sus,
229 992 284 1039 ab
295 990 390 1057 ipsis
399 992 656 1057 profligatur
666 1029 678 1040 .
716 995 812 1042 Itali
826 997 976 1043 maiori
987 997 1176 1043 exercitu
1190 997 1455 1045 Dalmatiam
1465 996 1694 1056 inuadunt,
1706 1015 1893 1064 eamque

130 1073 346 1124 occupant
359 1094 372 1106 .
397 1057 675 1109 Massilienses
696 1079 830 1127 opem
839 1064 1058 1130 postulant
1077 1062 1102 1111 a
1120 1067 1315 1112 Romanis
1334 1067 1377 1113 in
1388 1066 1563 1130 Ligures
1581 1066 1890 1132 Transalpinos:

130 1128 328 1194 praestaiit
339 1164 350 1175 .
364 1129 456 1176 Itali
469 1128 692 1177 debellant
701 1133 878 1197 Ligures
888 1166 902 1190 ,
913 1129 1105 1198 agrisque
1118 1149 1268 1179 eorum
1280 1136 1497 1199 potiuntur
1507 1129 1642 1200 vique
1655 1134 1711 1182 ad
1722 1136 1893 1200 Antipo-

131 1199 204 1246 lim
215 1233 226 1245 .
260 1196 439 1262 Hispani
449 1197 683 1257 rebellant,
694 1199 927 1264 praefidium
941 1200 1140 1248 Italicum
1158 1204 1201 1247 in
1213 1199 1338 1249 frusta
1359 1202 1616 1259 concidunt3
1641 1203 1751 1250 duos
1772 1220 1893 1251 exer-

132 1269 239 1314 citus
265 1267 466 1313 Italorum
488 1265 693 1325 fundunt,
714 1267 885 1333 sugant:
908 1268 964 1316 fic
986 1285 1038 1316 ex
1057 1267 1248 1333 pluribus
1267 1271 1424 1335 praelijs
1453 1272 1677 1318 victoriam
1698 1271 1754 1318 de
1776 1272 1893 1319 Italis

130 1333 416 1383 consecuntur
433 1356 447 1380 .-
465 1334 643 1384 tandem
661 1336 816 1385 Publio
837 1337 1015 1385 AEmilio
1038 1338 1249 1385 Cornelio
1269 1338 1379 1386 duce
1402 1337 1578 1404 Hispani
1599 1338 1891 1388 debellantur:

132 1421 220 1452 non
242 1403 378 1452 modo
399 1406 587 1463 Vaccei,
609 1411 654 1453 &
677 1404 904 1453 Catambri
925 1408 1155 1455 vincuntur
1172 1431 1188 1458 ,-
1208 1403 1279 1454 sed
1301 1410 1433 1455 etiam
1454 1409 1626 1456 Arenaci
1644 1441 1659 1461 ,
1679 1411 1871 1457 Berones
1881 1441 1895 1465 ,

129 1479 174 1522 δέ
192 1471 477 1538 Austrigones
493 1474 646 1521 Italicis
665 1472 937 1537 subijciuntur
951 1497 965 1521 .·
987 1473 1062 1522 soli
1090 1478 1153 1522 Lu
1162 1474 1280 1522 fitani
1302 1476 1433 1523 Italos
1462 1477 1699 1541 repellunt.
1745 1494 1897 1525 Roma-

130 1542 175 1589 ni
193 1541 357 1589 bellum
375 1540 569 1590 indicunt
586 1542 1016 1609 Carthaginensibus,
1036 1545 1110 1609 qui
1130 1559 1283 1592 contra
1304 1542 1465 1592 foedera
1487 1561 1606 1593 arma
1626 1547 1669 1592 in
1682 1544 1898 1592 Massanis·

131 1610 217 1659 sam
239 1625 494 1660 mouerant:
508 1613 713 1659 exercitus
733 1611 823 1659 duo
841 1612 884 1658 in
902 1611 1097 1660 Africam
1118 1614 1362 1661 mittuntur.
1402 1610 1627 1661 Vticenses
1646 1615 1760 1661 Italis
1771 1612 1898 1679 spon-

133 1680 178 1728 te
201 1678 241 1727 se
260 1680 430 1728 dedunt
440 1715 452 1728 .
491 1677 857 1745 Carthaginenses
877 1683 1045 1728 veniam
1055 1714 1068 1738 ,
1080 1686 1124 1729 δε
1147 1697 1303 1745 pacem
1324 1678 1541 1746 postulant
1550 1699 1563 1737 3
1583 1681 1686 1729 dant
1704 1682 1874 1730 obsides
1884 1716 1897 1739 ,

134 1765 287 1805 naueS,
307 1752 352 1796 &
371 1746 601 1799 armassed
620 1766 719 1797 cum
737 1749 907 1796 Italicos
928 1750 1137 1796 militesin
1159 1749 1278 1797 Vrbe
1298 1752 1490 1814 recipere
1512 1750 1699 1807 nollent,
1718 1752 1899 1798 Cartha-

134 1834 195 1884 go
213 1815 407 1883 aggressa
426 1816 513 1875 est,
532 1822 576 1865 δε
598 1815 780 1865 obsessa:
807 1820 1101 1884 oppugnatio,
1124 1825 1167 1865 &
1187 1817 1354 1865 obsidio
1374 1815 1556 1866 difficilis
1568 1817 1781 1866 succedit.
1817 1835 1899 1867 πεῖ-

134 1888 164 1933 li
175 1887 215 1933 in
225 1884 509 1944 asdrubalem,
519 1886 707 1952 quicum
718 1889 908 1934 exercitu
920 1901 1093 1934 montes
1105 1893 1462 1952 occupauerat,&
1478 1889 1704 1944 munierat,
1716 1902 1901 1935 conuera

133 1970 277 2003 tuntur
288 1973 299 2002 t
311 1956 453 2020 primo
463 1956 629 2019 impetu
641 1953 845 2020 fugantur
855 1974 868 2011 3
880 1954 985 2002 inde
996 1953 1262 2002 Asdrubalem
1276 1955 1513 2021 profligant
1522 1979 1539 2005 3,
1549 1954 1873 2012 montes,valla-‚
1885 1990 1900 2008 ,

137 2025 454 2072 &munitiones
463 2022 690 2089 adquirunt
699 2023 902 2088 joppidis
920 2055 934 2080 ,
953 2021 1212 2089 vrbibusque
1232 2022 1633 2089 Carthaginensium
1654 2026 1901 2087 potiuntur,-

136 2091 325 2158 denique
337 2091 435 2157 post
445 2090 687 2139 diuturnam
697 2090 968 2139 obsidionem
981 2092 1291 2157 Carthaginem
1303 2108 1550 2158 expugnant
1560 2116 1575 2142 ,-
1584 2091 1902 2157 Carthaginem

136 2159 224 2210 sem
234 2160 416 2209 Class‘em
429 2159 615 2226 perdunt
626 2178 639 2215 3
653 2156 879 2208 Asdrubalis
890 2164 1123 2208 exercitum
1134 2161 1190 2208 ad
1200 2158 1443 2207 Nesentum
1455 2158 1634 2207 fundunt
1644 2177 1657 2215 3
1669 2163 1898 2225 regionem

137 2247 318 2278 omnem
329 2227 402 2276 suo
412 2231 597 2294 imperio
607 2227 790 2277 subdunt
800 2263 810 2274 .
845 2227 1025 2276 Lusitani
1035 2230 1145 2276 italis
1157 2229 1311 2295 iniquis
1322 2227 1644 2276 conditionibus
1655 2226 1875 2276 deduntur
1889 2261 1900 2271 .

139 2302 192 2347 In
202 2298 468 2347 Macedonia
478 2300 583 2345 noui
593 2297 795 2345 tumultus
805 2299 1040 2346 excitantur
1053 2332 1064 2344 .
1085 2296 1303 2346 Andriscus
1316 2295 1491 2363 quidam
1513 2294 1825 2345 Macedoniam
1834 2297 1899 2345 in-

141 2366 282 2416 uadit:
296 2367 365 2414 hic
384 2364 637 2414 Thess‘aliarn
649 2382 865 2431 occupare
878 2379 1015 2413 tentat
1024 2400 1035 2412 .
1047 2363 1117 2413 sed
1127 2366 1183 2414 ab
1194 2366 1365 2425 Italicis,
1377 2370 1422 2414 &
1432 2363 1587 2413 Achaeis
1597 2364 1900 2430 repellitur3ip-

142 2435 182 2484 se
193 2435 430 2484 occiditur.
466 2433 731 2483 Macedonia
743 2449 1042 2500 recuperatur.
1088 2433 1359 2483 Thuscorum
1378 2432 1582 2482 tumultus
1603 2449 1817 2482 Romanos
1837 2432 1901 2482 af-

141 2505 251 2571 fligit
261 2524 274 2562 3
286 2504 355 2552 sed
366 2501 479 2551 illico
490 2499 660 2551 sedatur
671 2538 682 2550 .
695 2506 870 2551 Romani
882 2502 1145 2551 Corinthum
1157 2502 1214 2552 ab
1224 2503 1377 2552 Achaeis
1395 2498 1658 2551 defendunt.
1678 2502 1810 2550 Achaei
1821 2521 1901 2551 Ro-

144 2590 295 2622 manos
313 2573 479 2640 legatos
497 2570 662 2639 pulsant
674 2590 688 2629 3
707 2569 840 2638 quare
852 2573 914 2620 eis
925 2570 1086 2620 bellum
1108 2571 1310 2621 indicitur
1323 2608 1333 2618 .
1364 2570 1522 2619 Achaeis
1533 2572 1676 2633 Boetij
1688 2603 1701 2628 ,
1714 2576 1758 2619 &
1769 2571 1901 2619 Chal-

144 2639 335 2690 cidenses
344 2659 478 2708 opem
489 2639 688 2708 praestant
698 2673 709 2687 .
722 2640 816 2688 Itali
826 2639 1012 2699 Achaeos,
1023 2647 1066 2690 &
1077 2639 1215 2689 socios
1223 2640 1420 2707 superant
1431 2639 1486 2687 ad
1495 2639 1808 2706 Termopylas,
1819 2653 1902 2705 po-

147 2709 233 2758 stea
241 2709 298 2758 ad
309 2709 471 2758 Istmon
482 2728 493 2757 :
506 2709 653 2758 Achaia
664 2707 720 2758 ab
733 2708 848 2757 Italis
858 2724 1098 2775 occupatur
1111 2745 1122 2757 .
1158 2708 1416 2758 Corinthum
1427 2742 1440 2766 ,
1462 2705 1614 2755 Theba
1625 2741 1638 2765 ,
1659 2715 1703 2756 &
1725 2708 1900 2756 Chalcis

147 2777 364 2827 diruuntur
374 2812 384 2823 .
419 2782 469 2826 In
479 2777 684 2844 Hispania
695 2778 880 2825 Viriatus
888 2780 1120 2827 Latronum
1134 2777 1214 2826 dux
1225 2778 1477 2825 Lusitaniam
1490 2776 1651 2825 inuadit
1662 2796 1674 2832 3
1687 2775 1797 2824 duos
1807 2779 1900 2825 Ro-

149 2863 371 2895 manorum
381 2849 592 2895 exercitus
602 2844 794 2912 diffipati-
812 2862 911 2894 cum
934 2848 1102 2914 Qinto
1123 2847 1259 2894 Fabio
1278 2850 1578 2896 Romanorum
1600 2846 1899 2911 imperatore)

148 2931 369 2964 cruentum
377 2914 541 2962 bellum
550 2918 675 2981 gerit.
688 2918 872 2983 Qintus
882 2915 1000 2980 plura
1012 2915 1176 2982 oppida
1188 2929 1417 2982 expugnats
1428 2916 1642 2980 Regionis
1651 2928 1819 2978 partem
1833 2930 1900 2960 re-

150 3000 350 3050 cuperat:
363 2982 460 3049 post
470 2984 599 3031 multa
608 2986 844 3032 certamina
857 3001 956 3031 cum
967 2985 1135 3033 Viriato
1145 2985 1398 3032 conciliatur
1414 3004 1423 3014 ·
1434 2985 1620 3030 Viriatus
1631 2981 1780 3046 postea
1793 2982 1816 3027 a
1830 2976 1901 3026 suo

151 3052 342 3102 familiari
354 3053 600 3101 vulneratus
611 3051 1036 3100 occubuit.Lufitania
1053 3054 1195 3100 omnis
1206 3052 1279 3100 sub
1292 3056 1589 3100 Romanorum
1601 3051 1822 3113 imperium
1837 3065 1903 3096 re-

1401 3143 1442 3187 V
1712 3137 1836 3183 dacta
