2406 3580
704 299 906 378 Liber
946 304 1266 404 Qartm.
1753 346 1781 389 2
1793 347 1820 408 3
1831 348 1882 407 9

185 432 231 474 ln
251 428 417 491 optime
440 444 638 475 meritum
657 429 847 490 ingratus
868 424 893 473 ὲ
912 427 1159 491 Republica
1177 431 1436 495 eijCiendus‚
1455 432 1513 483 ab
1532 433 1762 487 hominum
1771 455 1882 489 con·

117 495 245 544 fortio
267 494 610 562 segregandus‚e
633 496 722 542 vita
733 495 1078 543 exterminandus
1092 531 1105 543 .

181 568 351 628 Pauper
371 567 596 613 virtutibus
606 561 784 611 refertus
803 562 933 610 ditior
941 564 1093 627 ignaro
1105 564 1236 616 diuite
1249 602 1263 615 .

121 670 140 681 2
180 636 393 691 Pecunia,
406 641 451 682 Sc
471 631 695 693 virtutibus
705 631 932 681 comitatus
942 631 1097 699 duplex
1118 634 1259 687 diues.

180 703 374 749 Virtutes
395 719 507 750 verae
529 701 710 748 diuitiae.

177 774 275 834 Ego
297 770 470 817 Orchus
491 773 926 835 Maurus,Augurum
948 771 1457 830 Dorchethes,Neuium
1474 775 1725 831 Turfianum
1734 780 1872 849 magi-

113 838 223 898 sterij
247 854 423 885 munere
445 836 733 902 digniffimum
752 836 920 887 iudico.

136 922 143 927 ·
182 910 281 971 Ego
293 908 462 955 Neuius
476 905 666 953 Volufius
676 907 877 955 Patritius
889 908 1169 958 Vulterranus
1181 944 1195 970 ,
1210 916 1254 963 &
1264 913 1544 967 Dorchethes
1553 948 1567 965 .

179 979 278 1039 Ego
293 978 446 1022 Lucius
458 979 636 1022 Scaurus
645 975 844 1023 Patritius
855 976 1134 1028 Bononienfis
1145 1013 1159 1028 .
1557 976 1564 985 ⁵
1974 1003 2021 1055 Α

181 1048 279 1107 Ego
290 1044 424 1091 Titius
436 1043 629 1090 Relatius
640 1059 693 1090 ex
707 1045 861 1092 Pontia
873 1080 886 1092 .
1983 1064 1987 1066 ·
2002 1063 2018 1067 ἢ

181 1115 279 1176 Ego
292 1114 446 1159 Antius
460 1110 651 1161 Vesulius
661 1111 890 1162 Praefestus
901 1148 912 1160 .
987 1138 990 1141 >

833 1241 837 1243 “
883 1229 1084 1463 PU

130 1583 134 1585 ,
180 1529 279 1593 Ego
290 1525 424 1573 Aulus
435 1516 627 1588 Licinius
639 1523 873 1587 Augurum
886 1518 1037 1571 Scriba
1057 1537 1173 1573 anno
1185 1524 1252 1575 cio
1262 1525 1329 1576 cio
1340 1526 1535 1594 iacctvij.
1549 1525 1762 1581 &Cethim
1782 1530 1881 1582 aedi„

113 1596 320 1645 ficatione
331 1591 546 1659 subscripfi
557 1627 569 1639 .

253 1737 392 1784 Ptima
406 1735 572 1781 ratione
583 1765 596 1790 ,
609 1727 842 1780 sanstiffirni
853 1733 1015 1790 Patres,
1028 1747 1198 1782 cautum
1212 1731 1287 1791 est,
1298 1748 1345 1782 vt
1357 1735 1391 1783 is
1401 1768 1415 1792 ‚
1426 1735 1500 1802 qui
1511 1735 1616 1784 alios
1629 1735 1790 1787 docere
1803 1736 1878 1785 de-

279 1804 357 1852 bet
368 1838 380 1860 ,
393 1801 469 1850 suae
481 1802 602 1868 ipsius
612 1803 775 1850 virtutis
786 1802 964 1868 aliquod
977 1805 1028 1864 ijs
1042 1837 1055 1862 ‚
1067 1802 1121 1850 ad
1132 1819 1220 1868 quo
1227 1802 1417 1868 sspeftat
1426 1838 1442 1857 ,
1455 1804 1659 1852 indicium
1671 1806 1876 1871 praebeat,

105 1874 166 1931 ine
178 1908 191 1933 ,
204 1876 280 1940 qui
290 1871 539 1937 discipulum
550 1869 689 1918 adhuc
704 1867 782 1918 effe
794 1887 884 1918 non
895 1874 1042 1929 nouit,
1054 1869 1285 1937 discipulos
1302 1872 1492 1920 edocere
1512 1872 1735 1938 praesumat
1747 1891 1757 1920 t
1771 1890 1880 1940 qua·

110 1943 158 1991 re
174 1960 260 2008 ego
271 1942 327 1990 ab
340 1939 535 1990 vniuerso
547 1945 774 2006 Augurum
785 1941 990 2005 Collegio
1002 1940 1211 2006 Magister
1223 1942 1382 1988 eleetus
1393 1942 1485 1990 haec
1506 1941 1630 1990 vobis
1641 1976 1655 2000 ‚
1675 1939 1878 1990 Dostiffi-

113 2015 171 2063 mi
187 2011 464 2060 Dorchethes
475 2043 487 2067 ,
499 2010 574 2074 qui
584 2011 628 2055 in
639 2008 725 2056 hoc
737 2009 866 2056 totius
877 2010 1050 2075 Collegi
1051 2013 1067 2073 j
1081 2011 1197 2057 vices
1207 2006 1455 2067 substin·etis;
1466 2025 1510 2057 vt
1518 2043 1532 2068 ,
1542 2009 1571 2057 fi
1583 2027 1652 2058 me
1662 2027 1810 2076 aptum
1819 2011 1876 2061 ad

111 2080 372 2133 erudiendos
385 2077 611 2143 discipulos
622 2079 920 2143 cognoueritis
929 2111 944 2136 ,
954 2095 1037 2145 pro
1049 2077 1188 2128 vestra
1197 2077 1465 2130 humanitate
1477 2078 1742 2132 confirmetis
1751 2115 1769 2131 0

144 2202 147 2205 ,
183 2151 362 2215 Imperij
379 2147 703 2195 fundamentum
717 2145 778 2195 est
787 2148 915 2195 virtus
925 2181 938 2194 .

181 2216 337 2266 Nemo
349 2216 444 2265 felix
456 2214 530 2263 nisi
540 2215 691 2263 doetus
703 2249 715 2261 .

182 2290 328 2335 Virtus
338 2304 419 2334 nec
430 2282 602 2333 senescit
612 2318 625 2342 ‚
637 2301 719 2332 nec
731 2283 955 2333 marcescit
965 2318 978 2331 .

183 2357 339 2405 Gloria
350 2355 559 2402 malorum
570 2351 662 2401 cito
672 2354 716 2399 in
727 2354 1010 2419 ignominiam
1020 2355 1194 2403 vertitur
1203 2387 1214 2401 .

186 2427 314 2490 lmpij
327 2423 496 2489 semper
505 2425 662 2471 timent
673 2456 685 2468 .
1971 2441 2017 2488 c

97 2490 98 2493 ’
130 2527 132 2529 -
187 2494 280 2560 Ipsa
290 2491 547 2559 improbitas
558 2492 695 2557 impio
706 2488 868 2539 summa
878 2508 1006 2559 poena
1018 2490 1099 2539 est.

185 2564 345 2611 Melius
356 2561 416 2609 est
428 2559 602 2608 laudem
613 2560 793 2617 mereri,
805 2577 935 2626 quam
953 2559 1138 2608 laudari.

185 2632 343 2680 Melius
355 2647 444 2677 non
453 2628 624 2678 laudare
635 2663 651 2681 ,
664 2646 794 2693 quam
806 2628 989 2677 adulari.

189 2702 301 2746 Boni
311 2699 367 2747 ad
377 2702 556 2748 virtutes
565 2699 719 2764 proemi
720 2700 758 2760 js
768 2713 781 2750 3
793 2697 892 2744 mali
903 2711 1047 2746 autem
1056 2697 1196 2763 poenis
1203 2692 1295 2744 sunt
1303 2695 1576 2763 prouocandi
1585 2728 1596 2741 .

187 2769 285 2816 Sine
297 2767 384 2815 fide
396 2767 497 2815 nihil
506 2766 679 2815 firmum
690 2799 704 2823 ‚
715 2764 815 2812 nihil
828 2765 977 2814 stabile
989 2802 1002 2814 .

188 2839 252 2885 Ex
263 2840 423 2884 virtute
433 2834 613 2883 nascitur
623 2835 767 2882 honor
776 2863 796 2879 .-
868 2836 1026 2882 Melius
1038 2833 1100 2882 est
1109 2835 1311 2900 ignorare
1321 2867 1337 2891 ‚
1355 2850 1488 2899 quam
1501 2849 1642 2882 errare
1655 2867 1665 2878 .

187 2908 288 2971 Ego
299 2905 432 2953 Aulus
441 2904 617 2953 Flaccus
628 2902 967 2951 Vulterranensis
987 2908 1174 2969 Senator
1182 2936 1198 2954 ,
1218 2903 1408 2968 Collegij
1429 2909 1655 2968 Augurum
1677 2897 1881 2948 Dorche-

188 2974 284 3022 thes
295 2975 470 3022 Lucium
483 2977 685 3021 Scaurum
696 2969 1015 3021 Bononiensem
1026 2970 1157 3019 nostri
1168 2971 1341 3039 Collegi
1342 2974 1357 3034 j
1370 2971 1622 3038 Magistrum
1634 2970 1812 3018 eleeium
1824 2964 1879 3015 ad

119 3039 208 3092 hoc
219 3060 373 3093 munus
384 3055 535 3109 aptum
545 3074 560 3099 ,
571 3039 655 3090 effe
663 3039 822 3089 censeo
832 3072 843 3085 .
982 3037 984 3040 ⁴
2107 3063 2114 3131 ἰ

117 3129 130 3135 ”
1203 3122 1249 3170 H
1260 3119 1289 3169 h
1357 3121 1372 3168 i
1381 3121 1398 3184 j
1716 3120 1821 3183 Ego
2111 3137 2113 3141 ⁷

123 3182 2117 3215 ww·
