2406 3580
107 260 122 438 q
713 261 911 339 leer
953 269 1271 367 Qartm.
1770 301 1879 364 255

115 440 119 450 Δ
131 386 211 436 tibi
222 386 245 434 a
258 383 544 434 crudeliffimis
557 388 767 435 Romanis
777 387 1001 450 praebitam
1011 413 1027 439 5
1038 406 1138 436 nam
1149 423 1161 441 ,
1173 408 1269 437 cum
1283 408 1452 456 patrem
1477 408 1592 440 tuum
1614 394 1860 442 abstulerint
1870 431 1884 453 ,

129 454 235 502 iusta
246 455 307 501 est
318 453 438 502 causa
449 487 462 510 ‚
475 472 549 502 cur
561 457 623 502 eis
634 452 818 502 irascaris
831 473 844 510 3
856 456 978 519 quod
992 458 1239 521 parentibus
1252 461 1293 506 in
1310 462 1428 508 nullo
1441 460 1579 508 deesse
1597 461 1827 510 debemus:
1841 470 1885 511 &

116 518 161 597 {si
172 525 354 569 Patriam
366 522 641 570 defendimus
651 555 664 579 ‚
677 539 752 569 cur
762 540 852 571 non
863 526 994 570 etiam
1006 535 1231 590 parentes?
1246 527 1273 574 si
1285 545 1364 575 eos
1374 562 1388 586 ,
1409 531 1482 593 qui
1494 531 1676 594 patriam
1698 530 1885 578 nostram

116 590 470 655 {inuadunt-,odiJ's
479 625 492 647 ,
504 589 710 656 armisque
721 590 1102 656 persequimur3cur
1113 612 1201 642 non
1213 593 1360 643 saltem
1372 598 1483 659 odiJs
1495 613 1585 654 eos,
1599 599 1672 662 qui
1686 615 1886 663 parentes

117 659 303 713 &nostros
315 676 404 707 non
416 657 601 706 inuasere
613 659 770 716 solum,
785 658 855 707 sed
867 660 1145 719 occiderunt,
1164 665 1259 710 irati
1271 663 1602 730 prosequemur?
1640 654 1681 714 Si
1703 684 1784 731 pro
1812 684 1886 732 pa-

116 717 212 786 {tria
224 727 328 774 iuste
341 745 456 774 amia
468 725 665 776 sumimus
675 763 690 781 ,
703 744 785 793 pro
796 742 918 792 patre
928 728 1077 794 iniuste
1090 730 1233 778 occiso
1244 766 1257 783 ,
1267 749 1340 780 cur
1352 750 1440 781 non
1450 733 1552 782 iuste
1566 731 1886 801 irascimur?lgi-

118 797 199 850 'tur
209 795 236 841 si
249 794 351 843 iuste
364 794 573 843 irascimur
582 829 596 853 ‚
607 795 710 843 iusta
720 797 780 843 ira
791 797 921 844 virtus
935 797 995 844 est
1004 832 1017 856 ‚
1028 815 1125 845 cum
1138 799 1295 847 Iustitia
1305 801 1351 848 sit
1361 803 1489 849 virtus
1501 836 1512 847 .
1537 802 1586 849 Id
1609 801 1699 850 fere
1717 801 1886 867 semper

118 854 343 928 {afferebat
356 862 440 928 ipse
450 865 659 918 Policras3
670 862 791 929 quod
803 863 921 912 causa
934 864 1034 923 fuit,
1050 867 1305 915 vtlibentius
1318 886 1405 934 ego
1415 868 1580 934 semper
1590 869 1663 916 sim
1674 873 1885 918 Romanis

118 930 283 979 litatus:
298 935 594 996 quiAruntem
605 937 805 978 Maurum
817 966 829 990 ‚
842 951 940 981 cum
953 934 1106 982 Thusci
1117 938 1160 982 in
1172 940 1379 984 Samnites
1401 952 1640 1003 pugnarent
1659 937 1742 985 fine
1763 938 1885 986 causa

133 1000 412 1048 occiderunt:
425 1001 634 1047 Hercules
643 1005 816 1047 Maurus
828 1004 961 1049 Lucio
973 1006 1099 1050 Furio
1110 1005 1294 1052 Camillo
1306 1004 1479 1052 iubente
1492 1007 1684 1070 captiuus
1706 1004 1885 1054 effectus
1979 1026 2024 1071 A

132 1071 275 1133 capite
288 1067 438 1116 iniuste
451 1083 677 1116 truncatusx
692 1068 825 1116 Ansur
836 1075 1010 1118 Maurus
1024 1088 1123 1118 cum
1137 1071 1212 1119 suis
1224 1071 1247 1119 a
1260 1073 1411 1121 Publio
1423 1075 1597 1120 Valerio
1614 1073 1690 1120 fuit
1702 1074 1885 1122 trucida-

119 1117 215 1185 itus:
230 1140 329 1183 item
344 1139 468 1199 Sutrij
482 1139 643 1185 Metius
653 1142 829 1185 Maurus
842 1138 919 1185 fuit
929 1138 984 1186 ab
995 1139 1089 1204 ipsis
1101 1140 1264 1188 occisus
1275 1176 1285 1187 .
1323 1141 1442 1207 Qid
1455 1142 1550 1189 iuris
1562 1140 1663 1188 effet
1673 1145 1885 1191 Romanis

121 1223 236 1278 ¹,cum
248 1207 418 1252 Sutrinis
429 1207 533 1253 latet
543 1207 760 1253 neminem
773 1241 783 1252 .
801 1206 942 1254 Oscus
951 1241 964 1264 ,
981 1209 1116 1255 Aulus
1125 1242 1137 1265 ‚
1149 1215 1191 1256 δε
1204 1212 1328 1256 Linus
1340 1212 1520 1274 Equites
1531 1209 1585 1257 ad
1596 1212 1758 1256 Lacum
1770 1213 1886 1257 Van-

122 1275 322 1336 {dimonis
335 1276 553 1339 perempti
566 1273 684 1321 fuere
699 1293 709 1321 ε
723 1272 811 1321 iure
822 1309 837 1326 ,
850 1292 903 1321 an
913 1278 1061 1323 iniuria
1071 1276 1333 1342 suscepissent
1343 1279 1385 1324 in
1396 1277 1587 1325 Thuscos
1599 1278 1682 1324 hoc
1694 1277 1886 1325 bellunm,

122 1337 326 1392 lRomani
338 1378 350 1400 ,
365 1346 424 1389 Di
428 1345 441 1405 j
455 1341 527 1390 soli
539 1342 581 1390 id
592 1357 748 1390 norunt
757 1378 767 1389 .
778 1345 974 1391 Nuccius
985 1349 1160 1391 Maurus
1170 1379 1182 1402 ‚
1196 1351 1239 1393 δε
1251 1351 1393 1393 Aruns
1406 1346 1526 1411 quod
1538 1347 1701 1393 nollent
1711 1345 1782 1393 sub
1794 1350 1887 1396 Ro-

135 1428 362 1459 manorum
373 1412 579 1459 ditionem
590 1410 630 1458 se
642 1410 836 1476 redigere
857 1409 882 1458 a
892 1414 1023 1459 Lucio
1046 1414 1255 1460 Cornelio
1268 1416 1470 1478 Scipione
1481 1449 1494 1471 ,
1514 1420 1559 1462 &
1585 1416 1720 1462 Gneo
1740 1416 1887 1462 Fuluio

123 1459 394 1561 {Consulibus
406 1481 615 1530 Romanis
627 1482 669 1526 in
682 1479 806 1527 frusta
819 1480 976 1528 concifi
987 1480 1106 1528 fuere
1120 1480 1260 1529 :idem
1272 1482 1420 1546 postea
1432 1482 1589 1529 accidit
1600 1481 1751 1529 Ansuri
1763 1517 1775 1539 ,
1788 1488 1887 1530 Me-

123 1550 197 1642 ffitio
210 1582 222 1605 ‚
235 1554 279 1596 δε
291 1566 401 1596 Anco
414 1568 426 1604 3
439 1547 509 1596 sed
519 1548 649 1614 longe
661 1547 847 1596 iniustius
858 1550 991 1596 Aulus
1001 1553 1176 1598 Maurus
1185 1549 1347 1599 occisus
1359 1550 1420 1597 est
1431 1585 1446 1603 ,
1464 1554 1538 1615 qui
1560 1567 1647 1597 non
1666 1549 1799 1598 solum
1813 1552 1887 1598 ali-

136 1617 241 1683 quid
252 1633 401 1665 contra
414 1622 641 1667 Romanos
650 1635 736 1665 non
751 1617 811 1665 est
820 1616 1027 1683 aggi-effus
1038 1650 1051 1675 ‚
1064 1616 1136 1666 sed
1148 1618 1337 1684 ipsorum
1347 1620 1496 1666 intuitu
1509 1619 1531 1667 ὲ
1548 1619 1802 1666 Vulterrano
1813 1623 1887 1666 Se·
1990 1637 2027 1684 B

137 1701 238 1734 natu
249 1685 444 1733 seditioni
462 1686 702 1734 studentem
714 1686 891 1752 plebem
903 1687 1199 1753 expellendam
1212 1689 1370 1735 curauit
1381 1706 1394 1743 3
1408 1685 1493 1751 ipsa
1504 1704 1690 1751 namque
1702 1702 1884 1735 contra„v

136 1759 365 1804 Romanos
377 1754 541 1821 semper
553 1755 895 1803 machinabatur.
933 1755 1121 1814 Iniustis‚
1132 1755 1367 1821 iniquisque
1381 1753 1519 1803 modis
1533 1755 1587 1801 ab
1600 1757 1691 1820 ipsis
1711 1755 1886 1802 obtrun-

138 1839 259 1871 catos
271 1823 403 1871 filebo
417 1843 428 1870 t
443 1826 563 1872 nouit
573 1826 730 1871 Antius
744 1825 767 1870 a
781 1823 901 1871 seruo
913 1826 1063 1891 Qinti
1074 1825 1208 1887 Fuluij
1222 1823 1468 1871 trucidatus.-
1480 1825 1602 1871 nouit
1615 1823 1801 1881 Orchus‚
1812 1826 1886 1889 qui

139 1891 219 1939 fuit
238 1894 282 1938 in
303 1892 439 1940 domo
459 1895 592 1958 Appij
625 1892 777 1941 Claudi
779 1896 794 1956 j
816 1910 988 1940 veneno
1009 1891 1254 1958 absumptus
1276 1911 1287 1938 :
1317 1894 1439 1939 nouit
1457 1891 1655 1940 Pontifex
1676 1895 1888 1940 Maximus

139 1963 484 2026 Aruns3qui,cum
497 1961 617 2009 domi
628 1961 707 2010 suae
721 1959 945 2026 recepiffet
955 1965 1188 2009 Praetorem
1200 1963 1377 2008 Gneum
1391 1961 1598 2025 Sergium,
1610 1959 1733 2023 ipsius
1745 1960 1888 2025 Hospi-
1911 2006 1914 2009 .

139 2031 194 2077 tis
206 2046 340 2094 opera
352 2029 427 2076 fuit
436 2064 451 2082 ,
461 2044 504 2076 vt
515 2031 703 2078 creditur
713 2064 726 2087 ‚
745 2028 975 2078 suffocatus
986 2064 998 2076 .
1035 2029 1116 2078 Sed
1129 2032 1145 2090 (
1164 2029 1217 2077 ne
1231 2030 1397 2094 longius
1408 2043 1496 2075 tam
1509 2027 1675 2076 molesti
1687 2026 1890 2076 sermonis

141 2097 292 2146 seriem
303 2113 529 2145 contexam
541 2117 553 2153 3
566 2115 665 2146 nam
679 2105 720 2147 &
732 2113 773 2145 te
784 2097 1003 2146 afficerem
1015 2097 1161 2156 toedio,
1174 2105 1217 2146 ὃ(
1230 2115 1315 2163 ego
1326 2094 1438 2144 adeo
1448 2098 1490 2142 in
1501 2100 1724 2146 Romanos
1735 2113 1889 2144 excan-

141 2165 359 2214 descerem
371 2201 385 2223 ,
404 2182 452 2215 vt
463 2183 533 2213 me
553 2166 871 2228 consumerem)
883 2166 926 2213 id
946 2165 1080 2215 solum
1097 2169 1250 2214 inuitus
1271 2164 1505 2212 recensebo
1517 2182 1530 2219 3
1551 2164 1673 2231 quod
1684 2165 1889 2213 Hostilius

140 2234 290 2283 iniuste
302 2232 408 2282 iussit
418 2234 563 2282 occidi
575 2235 812 2282 Turrenum
825 2240 1075 2283 Senatorem
1089 2254 1099 2282 ε
1112 2242 1156 2283 &
1167 2235 1393 2282 Cornelius
1405 2232 1562 2279 Consul
1574 2233 1656 2280 fine
1668 2233 1751 2280 vlla
1765 2232 1887 2281 causa

143 2304 305 2352 Oscum
319 2307 467 2350 Martis
480 2304 755 2352 Sacerdotem
766 2303 899 2368 impie
922 2304 1140 2351 mandauit
1161 2305 1303 2368 capite
1316 2300 1616 2366 plectendunu
1640 2307 1685 2349 &
1697 2300 1888 2348 eodem„

144 2372 348 2438 supplicio
361 2372 577 2419 damnauit
586 2372 759 2419 Elbium
770 2371 1069 2420 Praefidentcm
1082 2378 1257 2420 Senatus
1267 2405 1279 2428 ‚
1291 2373 1466 2417 Lucium
1481 2404 1495 2421 2
1507 2375 1550 2416 &
1562 2370 1748 2417 Ennium
1759 2373 1888 2417 Sena·
1982 2388 2026 2434 c

146 2457 260 2489 tores
271 2476 284 2499 ,
295 2447 337 2488 δε
348 2457 558 2505 proauum
571 2458 714 2488 meum
726 2442 1017 2488 Herculanum
1031 2476 1041 2486 .
1085 2443 1165 2487 His
1174 2474 1186 2496 ‚
1201 2438 1366 2503 tantisq3
1379 2439 1539 2498 iniurijs
1550 2436 1703 2494 affecti,
1715 2454 1790 2484 cur
1801 2454 1889 2484 non

146 2509 250 2557 iuste
262 2514 321 2557 eis
333 2509 586 2556 irascemur?
601 2526 697 2556 cum
710 2526 757 2555 ex
768 2508 887 2556 causa
897 2508 1014 2556 irasci
1024 2508 1071 2556 fit
1080 2507 1294 2556 laudabile
1308 2530 1322 2558 ,⁴
1333 2505 1508 2553 &lisola
1524 2508 1652 2553 virtus
1675 2505 1736 2552 est
1747 2506 1889 2552 lauda-

147 2577 243 2624 bilis
256 2581 328 2638 (vt
338 2577 480 2625 aiebat
492 2577 609 2625 idem
620 2578 824 2637 Policras)
835 2578 939 2624 iram
952 2595 1004 2624 ex
1015 2577 1119 2624 iusta
1132 2574 1297 2623 causam
1308 2578 1527 2630 virtutem,
1537 2575 1604 2621 vel
1614 2575 1775 2621 virtutis
1787 2573 1891 2621 effe-

149 2649 262 2692 &um
276 2644 357 2693 effe
369 2645 557 2694 constat:
570 2663 717 2695 verum
731 2661 883 2693 cauere
893 2644 1127 2703 debemus,
1147 2644 1201 2691 ne
1214 2645 1320 2690 ratio
1345 2677 1357 2700 ,
1378 2659 1472 2707 quae
1485 2641 1544 2688 est
1556 2638 1793 2707 passionum
1814 2660 1891 2688 no-

149 2713 324 2760 strarum
337 2714 535 2771 domina,
546 2713 828 2779 supprimatur
839 2749 850 2760 .
888 2713 969 2761 Sed
981 2712 1034 2761 de
1047 2715 1110 2761 his
1120 2712 1212 2760 satis
1224 2731 1233 2758 :
1246 2711 1495 2758 iucundiora
1506 2711 1753 2775 loquamur.
1790 2714 1890 2756 Hoc

149 2783 408 2847 plerumque
420 2785 561 2830 mirari
570 2782 702 2840 soleo,
713 2800 811 2830 cum
823 2783 1053 2829 amicitiam
1066 2781 1254 2829 nostram
1266 2782 1478 2843 recogito,
1491 2795 1564 2825 cur
1575 2777 1687 2826 adeo
1699 2778 1819 2825 firma
1830 2778 1891 2834 fit,

149 2867 198 2898 vt
208 2851 340 2897 nullus
351 2884 364 2908 ,
375 2853 504 2897 etiam
516 2852 673 2915 pluries
684 2865 882 2908 conatus,
893 2866 989 2897 eam
999 2851 1172 2898 valuerit
1183 2847 1419 2895 rescindere
1433 2866 1443 2892 ε
1466 2861 1507 2893 at
1520 2863 1618 2893 cum
1640 2849 1682 2893 in
1702 2862 1890 2892 mentem

151 2934 359 2968 venerunt
369 2937 417 2967 ea
429 2953 442 2976 ,
453 2936 550 2984 quae
560 2919 701 2969 noster
711 2920 898 2967 Policras
907 2917 1101 2966 differere
1113 2917 1288 2972 solebat,
1300 2915 1523 2963 admiratio
1534 2914 1703 2961 cess'auit
1718 2933 1728 2968 3
1739 2930 1786 2960 ex
1799 2916 1891 2985 eius

152 2989 316 3035 etenim
329 3005 404 3036 ore
416 2987 506 3036 fere
517 2987 682 3053 semper
692 2989 776 3036 hoc
787 2986 925 3035 audiui
937 3006 951 3043 3
971 2989 1227 3039 Animorum
1237 2985 1483 3031 coniunctio
1507 2982 1567 3030 est
1587 2982 1641 3028 ab
1653 2981 1766 3028 astris
1780 3016 1791 3036 ,
1814 2989 1856 3028 ὃς
1868 2984 1893 3026 li

1230 3068 1268 3111 K
1278 3067 1316 3110 K
1383 3066 1398 3111 i
1408 3067 1421 3126 j
1701 3066 1831 3111 virtu-

716 3130 2133 3153 ,-.....-..-..---.-.---—-------—-————-————--
