2406 3580
738 310 939 390 Liber
980 317 1299 416 Qartm.

1784 355 1886 418 231

198 437 422 494 Illustrem>
434 444 477 485 &
488 435 739 502 praeclarum
749 439 890 484 virum
902 436 1133 486 clementia
1146 438 1276 488 decet
1293 474 1305 485 .

198 503 498 553 Inconstantes
511 506 534 553 ὲ
544 504 789 570 Republica
800 506 855 566 eij
861 504 1002 552 ciendi
1013 503 1104 553 sunt
1115 541 1125 551 .

194 573 316 621 Nihil
332 573 508 638 prodest
519 574 762 639 acquirere,
780 572 853 620 nifi
863 571 1024 637 adepta
1036 572 1246 625 custodias
1256 612 1266 623 .

195 646 246 690 M
251 641 468 707 agistratus
478 658 565 689 non
576 640 632 689 ad
643 643 879 707 perniciem
890 674 904 698 ‚
917 638 988 688 sed
1000 640 1055 688 ad
1067 640 1355 692 defenfionem
1366 646 1564 698 Ciuitatis
1573 649 1736 698 inuenti
1746 647 1837 698 sunt
1846 685 1856 696 .

194 714 302 758 Haec
315 710 561 758 sacrosan&
572 709 848 758 Dorchethes
860 742 873 766 ‚
887 723 935 757 vt
946 712 1199 775 approbetis
1210 730 1417 779 propono
1428 751 1441 764 .

195 783 293 843 Ego
305 777 423 826 Titus
433 777 616 836 GlofiuS‚
627 779 821 826 Patritius
832 777 1063 837 Perusmus‚
1075 784 1301 845 Augurum
1323 784 1601 835 Dorchethes
1618 788 1793 838 Lucium
1811 789 1890 837 So-

124 844 279 894 rosium
290 881 305 899 ,
319 848 620 896 Vulterranum
632 850 908 899 Senatorem,
918 846 1169 913 Magistrum
1178 850 1359 901 electum
1372 852 1574 919 approbo
1584 890 1599 905 .

194 919 292 979 Ego
307 920 463 963 Docus
476 915 792 972 Rifinius‚Ciuis
805 915 1073 964 Vulcerenfis
1083 918 1525 979 Hister‚Dorchethes
1536 956 1550 972 .

193 987 292 1048 Ego
304 987 351 1031 N
357 983 519 1031 irbosus
530 983 714 1030 Curicus
723 983 1023 1033 Narbonenfis
1034 1019 1047 1032 .

193 1055 292 1116 Ego
305 1058 446 1115 Arnus
458 1056 619 1116 Fregus
630 1051 878 1117 Arpinenfis
888 1088 900 1100 .

193 1124 290 1186 Ego
302 1123 453 1169 Lucius
465 1119 1162 1180 Virbius‚Senat0r‚Cremonens1s
1171 1125 1383 1179 confirmo
1393 1160 1408 1186 ς

805 1271 1019 1517 [T]

186 1597 285 1659 Ego
295 1591 429 1639 Vlcus
440 1586 601 1667 Maffus
613 1590 886 1640 Vulterranus
895 1624 910 1650 ,
933 1592 1125 1660 Collegij
1139 1588 1284 1641 Scriba
1295 1584 1435 1654 scripsi
1444 1601 1558 1635 anno
1569 1585 1636 1636 cia
1648 1586 1715 1637 cio
1724 1588 1880 1656 ioccfij.

111 850 114 859 ι

117 1730 251 1857 N
271 1727 320 1777 Is1
331 1730 504 1776 cultoris
515 1726 682 1776 solertia
700 1728 833 1777 solum
845 1731 1041 1795 quamuis
1061 1729 1276 1795 optimum
1295 1723 1485 1775 colendo
1496 1738 1697 1774 exerceat
1707 1759 1723 1778 ,
1734 1740 1810 1792 atq
1811 1751 1826 1778 ,-
1836 1727 1880 1775 in

99 1729 109 1874 1
294 1814 350 1845 eo
362 1796 469 1845 serat
479 1798 696 1862 optimum
705 1797 1026 1856 semen‚nullum
1038 1798 1222 1846 fructum
1234 1793 1374 1861 potest
1386 1791 1538 1842 afferre
1549 1792 1789 1841 bonum-fic
1799 1811 1880 1860 op-

101 1871 210 1952 ltimi
222 1867 382 1933 ingenij
397 1864 568 1914 vbertas
580 1884 592 1913 ε
607 1864 680 1914 nifi
691 1869 888 1932 egregius
901 1870 1075 1915 1)οᾶοῑ
1085 1900 1098 1924 ,
1109 1873 1154 1916 &
1165 1859 1483 1930 sapientissimus
1491 1860 1702 1909 institutor
1711 1865 1879 1927 optima

104 1958 107 1996 ς
115 1930 414 2005 praecipiendo
426 1949 625 1983 exerceat
634 1968 647 1992 ‚
659 1937 818 1984 nullum
827 1937 986 1983 virtutis
999 1935 1177 1983 fructum
1189 1931 1342 1980 afferre
1352 1929 1494 1997 potest
1505 1965 1517 1977 .
1554 1928 1703 1992 Qare
1716 1927 1879 1996 sapien-
1893 1961 1896 1965 ⁴

100 2001 295 2076 {tiffimus
305 2004 453 2070 Tagot
464 2002 766 2052 Ethruscorum
777 2007 873 2054 Rex
886 2037 899 2062 ‚
921 2010 964 2052 ὃ(
975 2006 1185 2052 Maximus
1204 1999 1418 2066 Aruspex,
1437 2000 1511 2064 qui
1530 1998 1779 2064 Collegium
1798 2017 1878 2048 no-

99 2075 245 2154 {strum
258 2071 436 2123 instituit
444 2104 458 2130 ,
468 2074 584 2120 cuius
594 2070 682 2138 ipse
693 2072 773 2121 fuit
784 2086 914 2138 caput
922 2106 936 2131 ,
949 2072 1145 2138 Magistri
1156 2086 1309 2119 munus
1328 2069 1381 2116 ali
1383 2073 1420 2131 js
1439 2065 1751 2133 praeferendum
1772 2084 1877 2116 cen-

96 2144 193 2235 Asuit
207 2163 217 2192 :
231 2143 306 2193 sed
317 2175 330 2200 ,
341 2140 395 2189 ne
406 2141 491 2188 hoc
504 2154 659 2189 munus
671 2141 853 2207 indigno
864 2140 1155 2199 conferretur,
1166 2140 1366 2188 statutum
1379 2135 1441 2185 est
1452 2169 1465 2193 ‚
1486 2150 1533 2184 vt
1543 2134 1789 2200 Collegium
1802 2137 1877 2184 eli-

98 2228 253 2280 igeret,
265 2212 452 2262 electum
462 2209 741 2258 Dorchethes
752 2244 765 2268 ‚
777 2209 805 2258 s1
814 2208 999 2258 idoneus
1010 2209 1113 2258 effet
1123 2243 1136 2268 ‚
1146 2206 1437 2274 approbarent
1447 2238 1461 2263 ,
1472 2202 1762 2271 approbatum
1773 2208 1877 2267 Pre-

97 2266 254 2332 lfeous
268 2278 547 2329 confirmaret
560 2296 571 2325 ε
583 2275 686 2325 ideo
698 2279 787 2327 haec
799 2277 926 2327 vobis
936 2295 1142 2344 propono
1154 2314 1166 2325 .

182 2357 329 2400 Bonus
340 2348 462 2396 Ciuis
479 2348 662 2413 patriam
673 2348 871 2414 quamuis
882 2347 1024 2406 vilem,
1037 2345 1234 2414 quamuis
1245 2343 1402 2392 malam
1413 2340 1581 2409 semper
1590 2339 1726 2390 debet
1735 2342 1857 2392 extol

114 2421 204 2469 lere
218 2454 231 2478 ,
242 2426 286 2469 &
297 2415 469 2467 laudare
482 2450 494 2462 .

182 2490 272 2554 Qi
284 2487 468 2555 patriam
480 2485 713 2550 vituperat,
725 2485 765 2534 se
779 2484 914 2552 ipsum
924 2485 1141 2550 vituperat
1152 2518 1164 2530 .

181 2559 295 2606 Non
308 2556 443 2623 patria
453 2589 466 2613 ‚
477 2551 550 2602 sed
560 2555 704 2618 patriae
715 2571 837 2603 amor
846 2589 859 2613 ‚
870 2561 913 2604 ὃ(
925 2556 1081 2602 ciuium
1093 2553 1266 2600 dileetio
1277 2551 1417 2598 ciuem
1430 2546 1532 2596 facit
1541 2580 1558 2596 .

186 2629 366 2674 Animus
377 2658 390 2682 ‚
409 2639 498 2672 non
509 2624 628 2671 locus
639 2656 652 2681 ‚
665 2639 752 2670 non
764 2638 911 2671 natura
922 2625 1061 2671 ciuem
1073 2621 1127 2669 ab
1140 2619 1261 2669 hoste
1272 2616 1492 2683 distinguit
1504 2651 1519 2664 .,

186 2693 474 2742 Obseruantia
483 2693 648 2757 Legum
661 2690 765 2740 salus
776 2690 835 2739 est
846 2693 927 2740 Rei
930 2690 1113 2757 publicae
1125 2725 1135 2734 .

189 2766 239 2810 In
250 2761 494 2827 Republica
504 2759 595 2808 sunt
605 2758 831 2809 necessaria
843 2762 1071 2825 imperium
1083 2793 1095 2817 ‚
1106 2764 1150 2805 &
1162 2754 1408 2806 obedientia
1421 2788 1435 2800 .

185 2833 274 2894 Q
283 2830 335 2878 ali
337 2833 352 2894 j
358 2847 376 2878 s
388 2831 597 2896 imperat,
607 2828 679 2876 nisi
691 2827 731 2876 se
744 2830 966 2877 contineat
974 2861 989 2886 ,
1010 2843 1090 2875 nec
1101 2827 1206 2875 alios
1219 2826 1441 2874 continere
1451 2820 1594 2889 potest
1604 2856 1617 2871 .

185 2901 453 2965 Imperantes
464 2899 589 2946 nimis
600 2897 874 2963 indulgentes
884 2912 1071 2962 peccant
1081 2932 1096 2942 .

184 2970 385 3016 Seuerior
394 2965 547 3015 iustitia
557 2965 813 3015 fitiniustitia
825 3002 835 3012 .

181 3038 439 3085 Violentum
450 3036 677 3101 imperium
688 3033 776 3082 cito
787 3033 963 3083 deficiet
973 3068 983 3078 .

1163 3113 1210 3160 G
1221 3129 1250 3151 σ
1318 3112 1332 3157 i
1341 3115 1358 3175 j
1653 3109 1802 3158 Elbius
