2406 3580
722 300 921 377 Liber
975 305 1251 382 Primus.
1758 335 1815 398 51

68 411 1820 427 ..----—---——-—--—---——-----—--—--

52 480 53 483 ,
138 433 205 479 cia
216 430 430 491 iacccciij.
465 426 614 475 Arbus
624 425 820 473 Felfinius
829 428 1058 474 Lucumon
1068 462 1079 474 .
1098 427 1173 475 Ab
1184 430 1348 492 ingenti
1358 428 1596 492 pestilentia
1617 431 1736 478 Italia
1748 447 1821 478 ve-

68 513 186 550 xata:
199 496 272 546 sed
283 498 482 544 Vulterra
491 498 667 546 inta&a5
675 493 809 560 quare
821 509 937 541 extra
947 497 1122 542 Portam
1132 496 1320 543 Felicem
1330 495 1564 562 Templum
1579 497 1821 564 AEsculapio

70 566 332 616 aedificatum
342 563 404 612 est
413 599 425 612 .
462 563 540 610 Ob
552 577 717 610 meatus
726 563 962 611 Salinarum
974 561 999 608 a
1007 561 1226 628 superfluis
1236 565 1359 629 aquis
1369 563 1822 631 depurgatos‚solemni

69 639 234 701 Pompa
249 648 366 683 extra
376 631 575 681 Castrum
594 631 829 680 Salinarum
840 627 866 677 a
886 629 1152 680 Vulterranis
1175 634 1328 680 Dianae
1348 634 1510 682 Fanum
1527 634 1731 685 aedificari
1742 652 1824 683 cae-

73 717 199 770 ptum
210 702 274 751 est
285 736 298 750 .

136 844 347 888 Mecenas
368 838 564 890 Cecinna
583 836 674 884 haec
686 851 739 883 ex
757 833 1060 894 Annalibus‚&
1069 835 1229 884 Histori
1230 838 1245 899 j
1249 853 1267 884 s
1278 837 1534 896 collesta,fic
1543 821 1734 889 breuiter
1744 842 1823 887 La—

203 908 300 954 tinis
310 907 462 953 litteris
474 903 631 970 scripta
641 904 815 969 reliquit
826 937 838 950 .
1677 916 1679 918 ’

340 1113 485 1176 Accipe,
496 1130 576 1176 quae
587 1109 663 1157 tibi
671 1110 816 1176 reponit
825 1124 920 1156 tuus
928 1112 1140 1176 Prquerus
1148 1118 1181 1160 F
1182 1113 1234 1174 cs
1222 1111 1363 1158 alanus
1371 1112 1533 1179 obseffin
1543 1148 1554 1160 .
1914 1062 1957 1104 Α

133 1254 232 1317 Ego
251 1248 387 1297 Aulus
405 1248 577 1296 Flaccus
586 1248 864 1295 Vulterranus
873 1247 965 1294 haec
976 1244 1112 1311 scripfi
1124 1246 1241 1312 gesta
1260 1250 1559 1298 Lucumonum
1579 1249 1635 1298 ab
1647 1232 1759 1298 anno
1769 1283 1783 1308 ‚
1855 1194 2041 1309 13*ξένῖΙέ

509 1314 585 1363 vbi
597 1319 806 1363 Mecenas
819 1317 1013 1362 Cecinna
1025 1313 1129 1361 desit
1138 1349 1151 1372 ,
1171 1318 1382 1382 incipiens
1876 1331 1954 1376 Die
1980 1333 2043 1395 ἰν,

726 1389 861 1432 Anno
890 1386 957 1431 cia
967 1385 1178 1445 ioccch'v,
1845 1395 2044 1445 Decembr.

211 1459 299 1504 Itus
310 1456 504 1502 Cecinna
516 1456 741 1500 Lucumon
752 1488 763 1499 .
798 1453 987 1502 Lalartes
1000 1452 1233 1517 eliguntur:
1267 1452 1452 1502 statuunt
1463 1470 1614 1502 contra
1624 1455 1799 1502 luxum,
1818 1489 1829 1501 .
1847 1482 2044 1516 MDCXXXV

234 1521 506 1589 Magistratus
516 1539 669 1569 omnes
680 1536 865 1586 quatuor
874 1538 1009 1570 annos
1019 1520 1172 1569 durare
1183 1522 1332 1570 volunt
1343 1557 1353 1566 .
1377 1525 1492 1571 Inter
1503 1528 1731 1571 Senatores
1751 1521 1822 1570 dis-
1973 1519 1982 1523 ’

75 1594 287 1645 senfiones
297 1594 340 1638 in
353 1592 563 1639 electione
576 1592 847 1637 Lucumonis:
860 1592 930 1655 alij
941 1590 1156 1637 Lalartum
1168 1590 1479 1653 decretum5alij
1492 1595 1681 1654 priorem
1694 1590 1825 1639 vsum:

74 1666 222 1713 omnia
233 1674 478 1710 commota:
490 1657 631 1724 plebis
643 1656 794 1706 seditio
814 1675 904 1707 non
915 1657 1065 1707 deficit
1075 1693 1086 1705 .
1132 1659 1380 1706 Concilium
1398 1659 1591 1707 habitum
1613 1657 1825 1707 Bolsenae:
1908 1675 1942 1719 Β

74 1734 289 1783 Lalartum
299 1729 522 1778 decretum
534 1725 751 1792 approbat
761 1762 771 1774 .
783 1731 925 1777 Azzus
931 1726 1131 1777 Pontifex
1141 1729 1354 1777 Maximus
1365 1730 1559 1781 moritum
1568 1732 1734 1776 Luceus
1744 1730 1829 1776 Mi-

75 1803 220 1851 nutius
231 1818 282 1850 ex
293 1796 485 1848 Ianiculo
496 1791 687 1845 succeffit
697 1829 709 1843 .

724 1868 857 1915 Anno
867 1866 935 1914 cia
948 1865 1189 1928 ioccccviij.

141 1942 372 2003 Morgetes
381 1932 622 1984 Francafius
631 1936 854 1984 Lucumon
864 1969 876 1983 .
911 1935 1059 1983 Cirnei
1070 1937 1180 1981 inter
1189 1930 1230 1980 se
1241 1948 1359 1980 arma
1371 1968 1379 1977 .
1400 1937 1488 1981 Are
1494 1931 1647 1981 usenici
1669 1926 1831 1981 viribus

76 2013 122 2057 &
133 2022 315 2054 numero
329 2003 520 2053 Sumbris
531 2003 770 2061 inferiores,
783 2001 808 2050 ὲ
820 2004 1085 2052 Vulterranis
1094 2037 1108 2061 ,
1121 2008 1165 2050 &
1175 2000 1560 2066 Populonienfibus
1570 2017 1650 2067 per
1659 2001 1829 2067 legatos

75 2077 276 2125 auxilium
291 2091 302 2121 :
315 2072 416 2122 ideo
428 2070 618 2122 Bolsenae
630 2073 878 2122 Concilium
888 2107 900 2121 .
935 2070 1084 2120 Miffus
1094 2069 1149 2119 ad
1160 2087 1237 2118 eos
1247 2073 1409 2118 Ennius
1421 2073 1559 2119 Verus
1570 2086 1670 2118 oum
1679 2071 1830 2135 ingen-

75 2146 107 2193 ti
120 2145 307 2195 exercitu
315 2177 328 2200 ‚
340 2159 396 2189 eo
407 2139 599 2190 Confilio
614 2177 628 2200 ‚
638 2157 687 2191 vt
697 2139 879 2190 Insulam
889 2154 1124 2206 occuparet
1134 2174 1145 2186 .
1181 2136 1462 2186 Commissum
1483 2139 1671 2204 praelium
1684 2173 1696 2184 .
1709 2142 1830 2186 Sum-

75 2212 144 2261 bri
155 2214 258 2262 visti
269 2247 281 2259 .
315 2208 471 2258 Thusci
480 2209 592 2259 Tola
602 2212 774 2259 flumine
787 2212 965 2260 traiecito
978 2212 1211 2258 Beniorum
1222 2223 1372 2273 agrurn
1383 2206 1702 2272 depopulantur
1713 2240 1724 2252 .
1738 2210 1830 2254 Sar-

75 2281 122 2330 di
133 2280 324 2331 Sumbris
335 2280 532 2327 auxilium
545 2315 555 2327 .
569 2283 824 2328 Innouatum
837 2280 950 2345 praeli
956 2296 1027 2327 um
1038 2277 1094 2327 ad
1105 2277 1266 2326 flumen
1276 2281 1397 2324 Aren
1408 2310 1419 2321 .
1457 2274 1592 2327 Sardi,
1605 2280 1650 2322 &
1661 2272 1830 2323 Sumbri

76 2349 210 2417 fiigati
221 2385 235 2397 .
276 2346 433 2396 Thusci
452 2365 551 2396 cum
563 2347 833 2397 Areusenicis
863 2350 994 2396 totius
1014 2345 1158 2394 Insulae
1168 2348 1391 2411 potiuntur
1400 2378 1412 2390 .
1466 2348 1529 2390 At
1548 2339 1797 2390 Areusenici
1816 2374 1830 2399 ,

76 2418 201 2486 quod
212 2416 285 2467 soli
295 2420 339 2464 in
351 2414 531 2464 Insulam
541 2416 752 2465 dominari
763 2418 937 2474 vellent,
951 2414 975 2463 a
986 2411 1159 2463 Thuscis
1171 2412 1341 2461 seiuncti
1352 2446 1365 2469 ,
1386 2411 1410 2459 a
1432 2411 1581 2459 Siculis
1602 2410 1830 2458 auxilium

75 2486 292 2553 postulant
301 2521 313 2532 .
324 2484 493 2554 Qbus
503 2484 595 2533 serb
606 2502 739 2551 opem
752 2485 937 2534 ferentes
949 2485 1092 2541 Siculi,
1105 2483 1261 2530 nullam
1273 2498 1406 2546 opem
1417 2479 1567 2527 ferunt:
1580 2496 1679 2526 nam
1691 2483 1832 2528 Areu·

75 2554 205 2605 senici
215 2554 255 2603 se
265 2553 439 2603 Thuscis
447 2551 710 2620 iniquiffimis
721 2553 1041 2602 conditionibus
1052 2551 1262 2599 dederant
1273 2585 1283 2595 .
1870 2600 1875 2606 „

76 2625 297 2674 NVLLI
339 2625 666 2686 VNQVAM
709 2620 1050 2671 PRODEST
1090 2619 1408 2667 TARDVM
1440 2617 1828 2664 AVXILIVM.
1930 2633 1971 2677 C

737 2697 868 2738 Anno
880 2694 947 2738 cia
958 2690 1171 2749 iaccccxij.

150 2761 324 2820 Cronus
335 2761 499 2807 Dorius
509 2763 733 2807 Lucumon
746 2795 756 2805 .
795 2759 929 2806 Insula
942 2760 1123 2804 munitur
1135 2792 1145 2802 .
1192 2755 1318 2802 Siculi
1349 2768 1518 2817 captam
1531 2750 1826 2799 Thuscorum„

79 2844 237 2877 nauem
249 2827 433 2874 reddunt
443 2861 456 2885 ,
466 2831 606 2875 coacti
619 2863 629 2874 .
665 2829 854 2875 Lalartes
865 2826 961 2891 post
982 2824 1250 2871 distensiones
1270 2824 1393 2869 electi
1404 2846 1418 2871 ,-
1439 2838 1537 2868 nam
1550 2818 1827 2875 Sacerdotes,

80 2902 126 2945 &
138 2897 236 2962 Sagi
248 2898 358 2942 inter
367 2895 804 2953 Lalartesfflontifices.
816 2895 923 2942 duos
936 2893 1143 2941 volebant
1154 2912 1164 2938 :
1177 2908 1326 2939 verum
1340 2887 1647 2944 conceffum,vt
1658 2904 1710 2933 ex
1719 2885 1828 2933 duo-

81 2963 165 3012 bus
178 2962 493 3021 Sacerdotibus,
505 2965 611 3011 alter
622 2981 673 3010 ex
685 2966 753 3027 xij.
778 2966 898 3028 Sagis
918 2960 1022 3009 effer
1035 2997 1045 3007 .
1093 2960 1143 3007 Id
1165 2961 1284 3024 Sagis
1304 2958 1485 3023 placuit.
1519 2961 1581 3004 At
1598 2957 1707 3002 inter
1716 2952 1828 3018 ipsos

33 3031 38 3036 ’
82 3033 271 3079 Lalartes
283 3030 553 3079 diffenfiones
566 3067 576 3077 .
612 3032 696 3094 Alij
709 3035 1005 3078 Lucumonem
1021 3048 1040 3075 a
1048 3047 1100 3075 nn
1107 3045 1203 3075 uum
1216 3046 1226 3073 :
1241 3028 1308 3090 alij
1320 3026 1375 3073 ad
1386 3039 1571 3090 quatuor
1580 3039 1713 3070 annos
1725 3040 1738 3077 5
1756 3019 1826 3068 sed

1032 3100 1135 3104 *W—
1634 3108 1675 3152 in
1687 3093 1776 3152 diss

93 3178 1552 3201 Μ
