2406 3580
515 329 587 390 52>
956 292 1262 370 Ethrusc.
1282 291 1518 395 Antiq.
1538 291 1798 395 Fragm.
1832 272 1837 274 ³

509 425 548 467 in
560 416 877 466 dissensionibus
888 412 1189 478 consumptum
1197 426 1371 476 tempus
1383 408 1407 456 a
1418 410 1516 475 lege
1529 408 1724 457 statutum
1737 444 1751 456 .
1783 411 1910 458 Nihil
1919 411 2139 460 effestum.
2147 413 2267 463 Tum

510 488 645 536 Aulus
659 487 871 540 Cecinna,
884 495 1013 546 caput
1025 496 1195 533 eorum,
1207 481 1279 545 qui
1290 493 1474 526 annuum
1486 480 1784 525 Lucumonem
1793 478 2013 538 volebant,
2025 498 2121 529 cum
2136 497 2264 546 parte

512 555 665 602 infimae
677 552 816 619 plebis
835 575 851 602 ,-
862 548 980 616 quod
992 550 1179 597 Lalartes
1187 565 1276 595 non
1286 546 1413 603 fecit,
1424 546 1528 593 fecit
1538 561 1722 593 armatus
1733 581 1747 594 .
1781 551 1977 596 Cronum
1997 547 2021 597 ὲ
2032 553 2268 597 Ciuitate..-

514 623 697 690 expulit:
717 619 757 667 se
776 621 1072 666 Lucumonem
1084 652 1097 664 .
1130 619 1303 663 Cronus
1312 617 1531 662 Arretium
1543 649 1557 660 .

772 724 775 726 a
1102 688 1234 732 Anno
1245 686 1313 732 cia
1322 686 1538 731 iaccccxv.

579 758 716 806 Aulus
727 755 926 803 Cecinna
935 757 1160 801 Lucumon
1171 787 1182 799 .
1194 752 1381 799 Militum
1391 753 1563 817 agmina
1574 752 1618 799 in
1629 751 1810 799 Cirnum
1820 785 1836 810 ‚
1844 767 1891 800 vt
1901 754 2158 801 Cirneorum
2169 771 2243 801 mo
2280 811 2282 813 ‚

512 842 578 874 tus
589 828 872 891 reprimerent
883 858 895 869 .
929 821 1005 869 Ad
1016 821 1150 869 finem
1161 822 1259 869 anni
1269 854 1281 878 ‚
1293 820 1347 868 ne
1358 836 1496 868 nouus
1505 822 1732 868 Lucumon
1743 821 1921 887 eligatur
1929 854 1946 878 >
1954 820 2096 869 obstat
2104 822 2242 869 Aulus
2251 856 2269 869 .
2280 822 2281 826 ’

515 894 607 960 Ipse
619 897 663 942 in
672 894 857 958 imperio
866 890 1113 956 perseuerat
1124 925 1137 937 .
1157 893 1309 937 Occus
1329 890 1565 937 Burnianus
1576 905 1628 936 ex
1639 888 1769 953 plebe
1780 889 1966 938 Lalartes
1976 891 2270 955 popularium,

512 963 809 1026 nobiliumque
822 961 974 1008 maiori
985 973 1106 1024 parte
1118 957 1298 1016 adiutus,
1312 974 1411 1005 cum
1420 971 1589 1022 tempus
1600 955 1808 1016 adfuisset,
1818 974 1907 1023 quo
1918 959 2054 1005 Aulus
2065 973 2181 1005 extra
2192 959 2248 1005 Ci

511 1035 689 1081 uitatem
702 1028 938 1077 ambularet
938 1052 953 1080 ,-
964 1025 1038 1094 ipfi
1048 1044 1130 1075 nec
1141 1025 1185 1073 id
1196 1027 1390 1091 opinanti
1410 1039 1559 1090 portas
1578 1025 1742 1074 clausit:
1762 1025 1803 1075 se
1821 1028 2117 1075 Lucumonem
2126 1041 2246 1075 creat
2254 1061 2272 1075 .
2285 1055 2286 1058 =

514 1101 651 1150 Aulus
662 1098 717 1146 ab
729 1099 876 1145 amicis
886 1095 1110 1145 destitutus
1118 1093 1308 1143 Fesulam
1319 1093 1359 1141 se
1370 1096 1538 1160 recepit
1548 1128 1562 1139 .

1156 1168 1290 1211 Anno
1302 1164 1369 1210 cia
1378 1163 1629 1224 iaccccxvij.
2289 1204 2292 1206 ,

585 1241 737 1284 Occus
747 1237 982 1283 Burnianus
991 1234 1218 1280 Lucumon
1229 1228 1394 1297 optimc}
1406 1229 1668 1278 administrat
1678 1265 1692 1277 .
1726 1233 1861 1288 Eum,
1870 1229 1994 1296 quod
2007 1248 2057 1278 ex
2068 1230 2200 1296 plebe
2212 1230 2266 1279 es

518 1305 577 1353 set
586 1340 599 1363 ,
612 1309 754 1352 Aruns
765 1308 940 1352 Maurus
951 1300 1105 1349 oderat
1116 1335 1132 1348 .
1162 1301 1248 1348 Hic
1260 1301 1547 1361 Pomarancij,
1560 1304 1604 1346 &
1615 1297 1752 1347 Castri
1763 1300 1995 1347 Salinarum
2007 1300 2189 1348 Colonis
2199 1316 2274 1347 au-

519 1375 614 1422 xilia
625 1371 856 1421 ferentibus
867 1407 880 1430 ‚
893 1375 1070 1419 Occum
1081 1368 1296 1433 expellere
1308 1382 1447 1415 tentat
1458 1403 1472 1414 .
1505 1366 1662 1415 Plebes
1673 1365 1815 1415 obstat
1824 1402 1837 1415 .
1881 1371 2033 1416 Occus
2053 1367 2280 1416 damnauit:
2299 1411 2301 1414 .

517 1448 727 1490 Aiuntem
740 1459 751 1489 z
764 1441 853 1504 alijs
863 1440 1032 1508 ignouit
1042 1472 1059 1485 .
1089 1437 1164 1486 Ad
1175 1437 1309 1485 finem
1319 1439 1417 1486 anni
1426 1434 1550 1484 instat
1562 1439 1712 1485 Occus
1722 1470 1738 1494 ‚
1747 1451 1795 1484 vt
1804 1453 1942 1485 nouus
1954 1440 2179 1485 Lucumon
2198 1437 2276 1485 eli-

519 1526 640 1577 gatur
650 1543 664 1557 .

1157 1580 1292 1623 Anno
1305 1577 1372 1623 cio
1382 1573 1648 1634 iaccccxviij.

587 1649 772 1695 Mozzus
784 1645 1030 1695 Dandolius
1039 1647 1264 1694 Lucumon
1277 1679 1288 1690 .
1325 1643 1511 1700 Siculi2&
1523 1641 1643 1690 Sardi
1654 1655 1857 1705 magnum
1870 1639 2085 1688 delectum
2097 1639 2276 1689 habent.

520 1713 696 1763 Timent
705 1714 860 1763 Thusci
870 1750 886 1768 2
897 1714 951 1762 ne
962 1715 1160 1779 imparati
1171 1712 1473 1778 aggrediantur
1483 1709 1508 1757 a
1519 1710 1666 1759 Siculis
1676 1743 1689 1757 .
1722 1709 1973 1773 Populoniae
1983 1711 2278 1760 Concilium-2.

523 1784 684 1832 Milites
695 1781 881 1833 scribunt
892 1819 902 1829 .
916 1784 1135 1836 Burniani,
1148 1782 1266 1829 Occi
1277 1782 1410 1847 gratia
1422 1783 1531 1827 inter
1541 1778 1710 1827 nobiles
1720 1776 1942 1844 adscripti.

1175 1854 1310 1897 Anno
1322 1850 1390 1897 cia
1399 1849 1630 1910 iaccccxjx.

590 1922 741 1968 Occus
761 1921 996 1968 Burnianus
1018 1918 1208 1968 secundo
1225 1921 1450 1965 Lucumon
1461 1952 1474 1963 .
1517 1919 1630 1963 Cum
1642 1914 1813 1972 Siculis,
1832 1919 1878 1963 ὃ(
1891 1911 2028 1963 Sardis
2039 1914 2279 1979 praelium...

523 1988 676 2036 Thusci
687 1987 910 2037 inferiores
921 2023 932 2035 .
968 1990 1126 2037 Nouus
1137 1987 1258 2034 msses
1269 1987 1312 2032 in
1321 1988 1501 2033 Cirnurn
1511 2009 1526 2036 ,-
1537 1981 1627 2050 quo
1639 1983 1782 2031 hostes
1792 1981 1832 2031 se
1843 1982 2114 2032 contulerant
2114 1989 2175 2035 5&
2187 1984 2280 2048 pla-

525 2074 623 2122 gam
637 2057 973 2105 Occidentalem
983 2069 1302 2121 occupauerant
1312 2053 1444 2119 vsque
1454 2052 1642 2101 Aliscam
1653 2087 1664 2098 .
1678 2052 1768 2100 Illic
1780 2050 1805 2099 ὲ
1814 2051 1990 2100 Thuscis
2008 2048 2280 2117 superantur,

526 2131 569 2172 δέ
580 2127 748 2191 magnis
760 2125 955 2173 cladibus
966 2122 1048 2172 affe
1055 2127 1110 2171 &ti
1121 2140 1174 2171 ex
1185 2121 1320 2171 Insula
1332 2124 1387 2185 eij
1391 2123 1555 2170 ciuntur
1565 2156 1577 2167 .
1615 2120 1692 2168 Ob
1704 2120 1814 2168 hanc.
1824 2122 2063 2169 Victoriam
2072 2121 2281 2171 Vulterrae

526 2208 640 2245 extra
649 2210 824 2259 portam
834 2195 1056 2259 Mercurij,
1068 2194 1269 2241 Viaoriae
1279 2191 1513 2256 Templum
1524 2188 1778 2238 aedificatum
1786 2223 1800 2236 .

1183 2265 1314 2308 Anno
1329 2260 1396 2307 cio
1406 2262 1620 2307 iaccccxx.

594 2334 747 2379 Occus
768 2328 1051 2378 confirmatus
1075 2331 1300 2376 Lucumon
1317 2330 1451 2375 iaccc.
1471 2326 1671 2375 homines
1690 2323 1796 2375 misfi
1805 2359 1818 2384 ,
1830 2327 1905 2392 qui
1925 2327 2181 2374 Burnianum
2192 2327 2282 2375 Ca-

523 2396 651 2445 strum
661 2398 923 2447 aedificarent
932 2433 944 2445 .
979 2399 1145 2464 Algera
1155 2393 1562 2461 Felsmia‚impudica
1574 2394 1755 2443 Vestalis
1764 2398 1863 2445 viua
1873 2394 2048 2460 sepulta.
2060 2397 2282 2444 Cecinnae.

524 2471 568 2514 &
580 2468 685 2514 Veri
696 2466 752 2514 ad
763 2484 880 2515 arma
891 2502 902 2514 .
938 2469 1103 2514 Ciuitas
1113 2467 1156 2512 in
1166 2480 1309 2531 partes
1320 2463 1447 2523 diuisa
1460 2499 1471 2510 .
1484 2468 1632 2512 Occus
1643 2466 1708 2512 cio
1719 2481 1808 2512 cci.
1830 2462 2035 2512 militibus
2055 2463 2283 2512 tumultum

523 2537 797 2599 comprimit.
831 2538 1021 2583 Partium
1034 2537 1176 2602 capita
1194 2535 1384 2582 exulant.
1421 2537 1653 2582 Senatores
1669 2535 1715 2581 in
1725 2532 1928 2601 eligendo
1948 2534 2203 2583 Lucumone
2214 2530 2284 2581 di-

522 2600 716 2652 scordes.
750 2602 1064 2653 Occussexali.
1130 2606 1159 2632 ³*
1191 2606 1219 2631 ’θ
1250 2605 1279 2631 ⁴*
1309 2605 1339 2630 ⁴⁸*
