2406 3580
732 280 932 357 Liber
958 285 1231 360 Primus,
1760 321 1856 381 79

174 411 241 454 cio
255 410 322 455 cit>
336 409 570 472 iocxxxviij.
604 416 752 455 Ancus
763 407 908 455 Cefius
923 410 1196 456 Vulterranus
1205 411 1358 458 I³raeses
1367 416 1517 459 Linum
1530 430 1553 458 e
1566 421 1753 461 Ciuitate
1767 432 1833 460 cie
1859 426 1864 507 ‚

86 490 89 500 ¹
107 477 189 533 cit,
202 476 321 541 quod
334 493 433 523 eum
444 491 595 524 contra
604 478 786 540 patriam
795 477 1004 522 intentare
1016 476 1181 523 diceret
1181 502 1196 527 ,-
1207 494 1355 525 verum
1367 478 1391 526 a
1402 483 1610 529 Romanis
1620 483 1661 527 in
1672 484 1854 546 patriam

107 543 334 592 restituitur
345 563 357 600 3
370 543 504 591 immo
516 544 570 591 ab
583 542 797 608 equitibus
808 542 1016 608 Magister
1026 546 1232 608 Equitum
1246 547 1298 593 eli
1304 548 1415 612 gitur
1427 567 1439 604 3
1454 551 1528 614 qui
1539 548 1698 615 absque
1718 540 1863 597 praefi-¹

108 611 174 660 dis
186 611 389 660 consensu
401 613 553 659 milites
564 614 607 658 in
615 609 783 658 Histros
793 611 912 669 unfit,
924 609 1056 675 quare
1069 610 1336 662 dissensiones
1346 617 1454 663 inter
1465 619 1633 682 equites
1644 651 1657 674 ,
1669 623 1713 665 &
1726 587 1863 665 Sena-l

108 696 226 728 tores
237 683 453 728 oriuntur:
467 682 667 728 Vulterra
679 679 874 727 ciuilibus
894 678 1077 726 discordi
1080 682 1118 741 js
1137 682 1344 745 repletur:
1368 686 1490 732 Linus
1502 688 1653 733 iterum
1665 688 1830 746 eijcitur
1841 721 1852 732 .

110 750 300 799 Romani
319 751 412 796 irati
433 749 587 796 milites
606 748 852 795 Vulterram
869 765 949 812 pro
969 750 1078 794 Lino
1089 749 1279 796 mittunt:
1302 753 1420 798 multi
1441 759 1692 802 Senatorum
1703 753 1830 801 occisi
1841 772 1852 800 :

111 822 258 866 Ancus
269 815 567 881 Magistratum
580 815 803 880 deponere
815 817 1009 880 cogitur:
1022 818 1147 862 Linus
1156 817 1307 865 Praeses
1318 820 1478 868 electus
1489 856 1500 867 .

177 886 243 932 cia
256 887 321 932 cio
332 886 533 947 iocxxxjx.
568 885 675 930 Lino
695 888 850 930 Mauro
861 883 1273 941 Praefidente‚Accer
1292 887 1469 936 Paccius
1489 891 1710 936 Arretinus
1723 907 1852 937 cum..

112 951 321 1000 Etbruscis
331 952 568 1017 agminibus
580 950 635 998 ad
645 953 799 998 Caium
811 954 1049 1000 LuCtatium
1060 955 1103 998 in
1124 952 1300 1002 Illiricos
1320 955 1476 1004 miffus.
1514 957 1655 1005 Illirici
1675 957 1854 1022 superati

93 1083 95 1086 Ι
112 1019 202 1067 sunt
212 1055 223 1065 .
258 1022 386 1067 Linus
395 1019 551 1068 Praeses
562 1036 661 1066 cum
673 1019 811 1083 plebis
829 1019 1031 1067 Tribunis
1052 1018 1291 1069 dissentiens
1311 1020 1334 1069 a
1345 1025 1509 1087 populo
1520 1025 1730 1072 occiditur
1741 1060 1752 1071 .

176 1090 243 1135 cio
256 1091 321 1136 cir>
332 1090 462 1136 iacxr.
497 1086 652 1136 Praeses
662 1088 781 1135 Titus
791 1088 968 1136 Flaccus
979 1089 1120 1134 Mauri
1132 1087 1317 1137 fautores
1329 1091 1614 1158 persequitur:
1629 1094 1798 1149 milites,
1810 1098 1854 1140 ἃ

112 1155 342 1222 praesertim
351 1159 530 1222 Equites
539 1191 552 1214 ‚
564 1158 636 1221 qui
648 1173 728 1221 pro
739 1158 900 1205 Mauris
912 1155 1002 1203 sunt
1010 1154 1178 1204 Teffam
1188 1157 1434 1211 Tribriim&
1445 1163 1603 1208 curiam
1621 1174 1853 1224 occupant.-

114 1224 228 1272 aedes
246 1229 496 1273 Maurorum
507 1226 549 1271 in
560 1229 721 1290 Magna
730 1225 876 1272 Platea
886 1224 1195 1289 depraedantur:
1210 1223 1234 1271 a
1245 1225 1377 1273 Plebe
1392 1229 1544 1275 milites
1556 1243 1673 1275 extra
1692 1228 1857 1274 Vrbem

114 1292 321 1358 fugantur:
335 1292 405 1341 sed
415 1294 588 1341 Publius
606 1293 799 1341 Valerius
820 1291 844 1341 a
862 1295 993 1341 Lucio
1016 1292 1192 1340 AEmilio
1204 1295 1443 1342 Vulterram
1464 1295 1602 1344 miffus
1613 1297 1687 1343 has
1700 1294 1857 1346 discor-

112 1359 205 1409 dias
216 1359 377 1409 sedauit
387 1396 398 1408 .
776 1392 778 1394 v

180 1431 247 1477 cio
258 1431 324 1478 cio
335 1432 479 1494 iacxrj.
513 1431 678 1478 Arcilio
690 1431 926 1478 Volumnio
938 1428 1068 1477 Vrbis
1077 1429 1330 1480 Praefidente
1343 1468 1356 1485 ,
1370 1435 1546 1481 moritur
1555 1433 1860 1481 Pontifesza-

114 1499 176 1545 ius
186 1502 424 1546 Montonus
437 1498 627 1547 Senensis
638 1500 818 1564 eligitur.
830 1498 987 1547 Praeses
998 1513 1267 1564 congregato
1278 1501 1470 1549 vniuerso
1484 1503 1647 1566 populo
1661 1498 1746 1548 vna
1758 1517 1856 1547 cum

114 1568 287 1615 Maximo
300 1566 511 1615 Pontifice
521 1602 534 1624 ,
548 1569 688 1633 Sagis,
700 1573 744 1615 ὃ(
756 1567 1002 1632 Auguribus
1012 1601 1025 1624 ‚
1037 1571 1164 1614 Anco
1177 1569 1381 1616 Cecinnae
1394 1569 1608 1617 mandauit
1618 1603 1630 1625 ,
1652 1585 1699 1616 vt
1711 1575 1861 1617 Sacro-

113 1633 250 1683 sanota
261 1637 392 1701 Magni
403 1636 685 1684 Vandimonis
694 1635 828 1683 verba
838 1637 986 1683 litteris
997 1636 1154 1682 Latinis
1175 1634 1492 1685 transcriberet.
1514 1639 1876 1726 anueremesl

115 1704 468 1751 Vulterranorum
479 1705 589 1751 Caio
600 1708 779 1752 Arunco
792 1702 1021 1752 commiss‘ae
1030 1737 1043 1760 ,
1054 1705 1097 1750 in
1106 1704 1292 1751 Galliam
1304 1719 1453 1752 contra
1473 1709 1627 1752 Poenos
1639 1708 1839 1770 nauigant
1850 1723 1876 1804 τι

115 1771 216 1820 inde
229 1771 424 1820 aduersus
436 1774 658 1837 Boios,qui
671 1772 888 1821 mondiniae
900 1771 1135 1838 praesidium
1147 1775 1395 1821 Romanurn
1406 1773 1660 1820 obsidebant
1671 1776 1735 1820 cia
1749 1776 1812 1819 cia
1826 1775 1864 1820 ia

117 1842 298 1905 Equites
309 1854 553 1888 accurrunt:
566 1843 639 1906 qui
652 1842 728 1888 tria
739 1842 964 1889 Gallorum
974 1842 1089 1905 signa
1099 1840 1399 1898 Vulterram‚&
1411 1841 1596 1889 Fesulam
1610 1842 1843 1888 retulerunt
1854 1876 1864 1887 .

115 1908 288 1956 Publius
299 1909 527 1957 Cornelius
539 1908 699 1957 Consul
709 1927 809 1957 cum
820 1926 902 1958 vna
914 1912 1106 1973 Legione
1118 1910 1162 1955 in
1173 1907 1396 1956 Thusciarn
1408 1912 1525 1957 venit
1535 1934 1550 1960 ‚-
1569 1912 1607 1955 V
1612 1911 1775 1956 ulterrae
1785 1911 1864 1955 in-,

94 2029 101 2031 ν
115 1977 211 2025 aula
220 1979 477 2024 Lucumonis
488 1979 710 2042 recipitur:
724 1980 852 2044 eique
864 1976 1091 2027 Massiliam
1101 1979 1354 2042 properanti
1373 1978 1440 2040 alij
1464 1978 1617 2025 milites
1628 2012 1641 2034 ,
1664 1984 1706 2025 &
1716 1980 1877 2025 Naues

117 2043 284 2093 traditae
295 2081 308 2091 .
342 2048 493 2094 Lucius
504 2051 701 2094 Aruncus
714 2048 986 2095 Vulterranus
1003 2045 1154 2093 ducitor
1165 2061 1254 2093 erat
1265 2081 1275 2092 .
1313 2046 1399 2094 Sed
1409 2045 1624 2093 Annibale
1637 2050 1865 2093 Poenorum

118 2114 231 2161 duce
242 2131 321 2179 per
331 2114 466 2178 Alpes
476 2116 519 2162 in
532 2116 694 2162 Italiam
706 2113 991 2163 descendente
1004 2113 1223 2171 Consu],&
1233 2119 1430 2162 Aruncus
1442 2116 1482 2161 in
1494 2113 1713 2161 Thusciam
1727 2130 1868 2161 reuer-

117 2181 147 2228 s1
156 2181 265 2229 Pisas
277 2181 524 2247 applicuere
535 2207 550 2234 ‚-
563 2189 608 2231 &
618 2185 724 2231 alios
736 2185 892 2232 milites
905 2182 930 2232 a
940 2184 1204 2233 Vulterranis
1214 2216 1227 2240 ‚
1240 2181 1524 2231 Fesulensibus
1534 2215 1546 2238 ‚
1558 2181 1868 2246 populoniensi-

100 2258 105 2260 ’
120 2249 200 2298 bus
210 2284 223 2308 ,
233 2250 387 2298 Pisanis
398 2285 412 2303 2
426 2257 470 2298 &
484 2251 735 2299 Senenfibus
745 2255 937 2318 acceptis
948 2252 1003 2300 ad
1014 2251 1167 2298 Padum
1177 2250 1411 2298 cucurrere:
1425 2250 1479 2297 ad
1493 2251 1692 2297 Ticinum
1705 2265 1869 2314 pugna-

117 2318 302 2367 tumest:
323 2324 523 2367 Aruncus
546 2320 784 2368 occiditur:
806 2320 967 2369 Consul
986 2320 1136 2369 vulnus
1155 2321 1348 2384 accepit:
1362 2319 1495 2383 quare
1508 2317 1635 2365 nostri
1647 2318 1880 2365 inferiores

98 2435 103 2452 ,Α
120 2388 374 2435 Placentiam
388 2386 428 2435 se
440 2403 721 2453 receperunt:
734 2387 806 2436 sed
817 2388 1075 2437 aduenienre
1088 2388 1223 2437 altero
1236 2386 1421 2435 Consule
1442 2386 1555 2452 apud
1565 2385 1769 2433 Trebiam
1790 2368 1880 2432 ite-l

100 2465 104 2469 “
121 2473 212 2503 rum
223 2471 464 2522 pugnatur:
500 2457 638 2504 Aulus
650 2456 817 2504 Fidicus
829 2458 1186 2505 Vulterranorum
1200 2456 1281 2502 dux
1292 2457 1494 2502 moritur:
1508 2454 1637 2500 nostri
1649 2454 1704 2500 ab
1724 2425 1882 2499 imbri-l

104 2538 107 2541 ·
122 2524 201 2572 bus
211 2559 226 2578 >
238 2530 283 2572 δε
294 2524 452 2591 frigore
464 2528 600 2591 magis
609 2558 622 2582 ,
634 2541 762 2590 quam
774 2525 828 2573 ab
840 2525 1031 2573 hostibus
1042 2526 1270 2572 vincuntur
1280 2559 1291 2569 .
1304 2522 1440 2588 Gisgo
1451 2521 1674 2570 Annibalis
1685 2491 1881 2586 Legatus¹

103 2590 106 2624 ἶ
125 2593 364 2641 Vulterram
377 2592 534 2651 miffus,
547 2608 591 2640 vt
601 2594 950 2641 Vulterranorum
963 2595 1129 2641 animos
1139 2592 1193 2639 ad
1206 2591 1493 2639 defectionem
1506 2592 1686 2637 irritaret
1697 2626 1711 2641 ,
1725 2590 1880 2635 huma-³

103 2693 108 2722 5
124 2661 233 2707 niter
243 2677 442 2726 receptus
454 2660 529 2716 est3
543 2661 614 2709 sed
625 2663 788 2727 legatio
799 2662 899 2708 nihil
911 2676 1133 2727 operatur.
1168 2659 1364 2706 Tiberius
1375 2659 1480 2705 alter
1499 2655 1729 2705 Consulum
1742 2638 1881 2707 cumj,

123 2729 385 2793 Legionibus
394 2731 651 2787 Vulterram,
663 2729 773 2786 Pisas,
784 2736 828 2777 &
840 2733 997 2778 Lucam
1010 2729 1099 2777 redi
1103 2748 1114 2790 J
1122 2731 1204 2774 r.In
1215 2727 1418 2774 Hibernis
1440 2727 1555 2773 multa
1568 2726 1765 2791 prodigia
1780 2714 1881 2771 sub-⁷¹

105 2826 108 2829 ,
123 2795 355 2861 sequuntur
365 2832 375 2843 .
390 2801 520 2846 Caerae
530 2797 662 2845 sortes
673 2813 960 2845 extenuantur:
974 2797 1105 2862 quare
1117 2796 1175 2842 ibi
1187 2794 1503 2842 Lectisternium
1518 2794 1760 2841 aedificatur.
1774 2798 1874 2840 San-

125 2864 280 2914 tislima
291 2868 423 2930 Magni
434 2867 556 2913 patris
565 2868 676 2913 NoA
687 2865 977 2922 verba‚latinis
988 2867 1137 2913 litteris
1157 2863 1405 2927 transcripta
1427 2879 1575 2910 coram
1586 2862 1752 2927 populo
1772 2860 1867 2906 Vul-

106 2949 111 2951 ·
129 2948 301 2982 terrario
312 2933 492 2990 leetafflb
505 2933 704 2981 omnibus
713 2934 1022 2982 confirmantur
1032 2969 1044 2990 ,
1057 2939 1100 2980 &
1111 2931 1396 2996 subsignantur
1406 2965 1416 2976 .

107 2998 109 3001 ”
194 3003 262 3049 cia
281 3002 347 3049 cio
358 3004 520 3064 iacxrij.
555 3001 703 3048 Turno
715 3003 976 3048 Volturreno
990 3001 1116 3047 Vrbis
1129 3002 1332 3046 Vulreria‘
1352 2997 1515 3045 prseside
1545 2996 1688 3045 plebes
1706 2998 1872 3042 Vulter-

1304 3088 1337 3130 L
1405 3087 1416 3130 i
1426 3089 1440 3148 j
1711 3100 1811 3131 rana
