2406 3580
496 317 511 359 1
530 290 566 362 8
580 317 609 358 2
962 278 1268 356 EthrusC.
1288 279 1525 381 Antiq.
1544 280 1805 383 Fragm.

562 413 785 456 Lucumon
796 403 875 453 effe
888 421 977 452 uon
988 401 1116 469 poffit
1128 437 1141 461 ,
1153 405 1226 468 qui
1239 419 1328 450 non
1340 402 1404 450 est
1411 406 1606 459 Senator,
1618 404 1693 467 qui
1706 416 1935 450 antenatos
1947 418 2031 468 per
2038 416 2259 451 trecentos

498 494 633 526 annos
644 477 840 541 patritios
858 472 974 522 fuisse
984 489 1073 521 non
1081 471 1358 539 probauerit,
1370 473 1445 538 qui
1463 486 1613 537 agrum
1624 471 1798 538 triginta
1810 472 1995 521 nammis
2013 472 2257 520 maiorem...

499 563 588 594 non
599 544 796 592 habuerit
815 578 827 591 .

566 612 744 662 Eaedem
753 610 1028 660 conditiones
1038 611 1080 656 in
1094 607 1385 656 Arunenfibus
1395 606 1686 656 desiderantur
1696 643 1707 653 .

568 685 609 729 Si
620 687 816 746 Augures
828 696 917 727 non
931 677 1179 745 approbant
1188 711 1201 735 ,
1214 678 1371 725 elestio
1384 677 1497 724 nulla
1508 676 1557 724 fit
1567 711 1579 723 .

569 752 795 797 Lucumon
813 749 856 796 in
873 748 1078 796 omnibus
1096 745 1419 812 Magistratibus
1435 747 1670 793 conuenire
1693 741 1843 810 poffit,
1855 749 1900 793 &
1919 743 2260 810 primumlocum

504 815 669 867 habeat
683 837 693 865 :
706 835 853 866 verum
863 819 906 864 in
917 822 1144 883 Augurum
1156 815 1360 879 Collegio
1371 813 1597 871 Praefecto,
1609 820 1652 862 &
1662 814 1872 881 Magistro
1879 813 2054 862 inferior
2062 811 2131 861 fit.

578 886 651 935 Ad
669 890 969 935 Lucumonem
987 885 1184 932 omnium
1204 886 1430 931 criminum
1449 882 1651 931 iudicium
1669 885 1888 948 pertineat
1904 917 1914 927 .
1984 886 2036 930 In
2057 880 2273 929 Ciuilibus

503 956 739 1022 appellatio
750 956 805 1004 ad
818 953 951 1020 ipsum
964 953 1209 1003 deferatur:
1228 970 1380 1001 verum
1391 968 1480 999 non
1499 952 1557 999 de
1578 951 1756 1000 arbitrio
1766 986 1779 1010 ,
1804 949 1878 1000 sed
1899 949 2132 998 secundum
2144 966 2268 997 com-

504 1041 652 1073 munes
662 1025 782 1091 leges
792 1021 1061 1071 Thuscorum
1074 1056 1088 1080 ,
1100 1027 1145 1070 &
1155 1021 1434 1070 Vulterranas
1444 1020 1605 1068 iudicet
1616 1056 1626 1067 .
1662 1022 1826 1068 Verum
1839 1020 1894 1068 de
1908 1021 2087 1068 crimine
2099 1017 2215 1084 apud
2226 1016 2267 1065 se

504 1096 620 1143 viros
630 1092 696 1143 sex
707 1108 877 1143 exteros
889 1091 1080 1140 detineat
1089 1124 1103 1149 ,
1113 1091 1186 1156 qui
1196 1088 1265 1138 sex
1275 1091 1353 1138 viri
1364 1090 1570 1154 capitales
1583 1105 1898 1154 nuncupentur,
1921 1104 2052 1153 atque
2063 1087 2161 1134 illos
2170 1086 2270 1138 dea

506 1180 582 1211 reo
594 1197 606 1220 ,
618 1168 663 1211 &
676 1162 732 1211 de
741 1179 871 1230 poena
886 1159 1076 1210 consulat
1087 1194 1100 1207 .
1136 1163 1185 1208 In
1195 1158 1389 1206 ciuilibus
1401 1174 1587 1224 quatuor
1606 1158 1880 1223 prudentium
1901 1159 2087 1204 virorum
2106 1155 2131 1202 ὲ
2142 1154 2272 1205 feeli-

505 1231 750 1298 gendorum
761 1232 1034 1280 voluntatem
1046 1226 1312 1276 obseruabit.
1326 1232 1547 1285 Senatum,
1557 1227 1857 1292 populumque
1869 1243 1946 1290 per
1955 1240 2181 1290 praecones
2192 1240 2270 1270 co-

505 1315 580 1366 gat
591 1299 647 1347 ad
660 1299 714 1347 de
725 1298 972 1365 Republica
982 1295 1288 1346 consulendum
1301 1332 1312 1343 .
1348 1298 1534 1361 Legatos
1545 1295 1716 1345 audiat,-
1741 1293 1837 1352 sed,
1858 1295 1887 1341 si
1906 1293 1961 1340 de
1981 1292 2121 1340 arduis
2139 1291 2273 1340 rebus

506 1383 655 1434 agatur
666 1402 678 1426 ,
690 1368 776 1416 fine
791 1374 971 1417 Senatus
982 1364 1185 1414 consensu
1196 1363 1454 1430 respondere
1465 1363 1729 1429 nequeat3s1n
1741 1366 1878 1411 minus
1888 1397 1901 1421 ,
1912 1362 2030 1409 simul
2040 1377 2140 1408 cum
2160 1366 2270 1408 Aru-

507 1436 704 1485 nensibus
716 1437 952 1484 deliberet.
991 1435 1154 1483 Militiae
1164 1433 1372 1482 summum
1384 1434 1614 1497 imperium
1624 1431 1808 1483 habeat2·
1819 1448 1972 1482 verum
1993 1435 2169 1480 Senatus
2190 1430 2271 1478 mi-

507 1507 603 1553 litiae
614 1505 748 1553 duces
760 1509 803 1553 in
816 1505 935 1553 bello
946 1505 1092 1569 eligat,
1104 1505 1176 1569 qui
1189 1502 1399 1568 Magistro
1410 1504 1616 1566 Equitum
1629 1500 1840 1549 obediant
1849 1541 1861 1552 .

574 1575 761 1622 Littores
772 1573 1004 1621 duodecim
1017 1571 1199 1619 habebit
1209 1606 1222 1629 ,
1233 1571 1391 1619 decem
1402 1570 1682 1618 Consultores
1692 1604 1705 1628 ,
1727 1572 1875 1635 viginti
1895 1569 1963 1616 sex
1975 1568 2273 1619 adolescentes

510 1641 678 1690 nobiles
688 1677 700 1699 ,
713 1642 924 1690 sexdecim
936 1644 1051 1690 viros
1061 1642 1272 1705 patritios,
1283 1643 1384 1687 octo
1395 1641 1694 1704 equitesinteri
1700 1656 1760 1694 us,
1771 1641 1922 1704 viginti
1934 1639 2131 1703 patritios
2151 1655 2272 1690 exte-

509 1713 589 1759 tius
599 1744 612 1767 ,
625 1718 669 1758 &
680 1711 833 1758 decem
844 1713 1024 1776 Equites
1033 1734 1048 1761 ,-
1059 1709 1169 1756 duos
1182 1707 1454 1764 SacerdotCS,
1466 1708 1576 1755 duos
1587 1708 1829 1765 Praefefios,
1841 1706 1905 1754 sex
1917 1705 2271 1772 Aruspices,quin-

509 1779 652 1827 decim
663 1778 927 1842 Histriones,
938 1779 1111 1844 triginta
1122 1776 1381 1843 gladiatores
1392 1810 1406 1828 2
1417 1775 1649 1824 duodecim
1661 1776 1899 1835 tubicines,
1920 1781 1964 1824 δε
1984 1778 2252 1843 quinquagin

509 1864 550 1896 ta
562 1865 611 1895 ex
620 1848 743 1896 turba
754 1867 767 1905 3
780 1865 892 1914 quos
905 1864 1057 1895 omnes
1068 1845 1329 1911 Respublica
1341 1846 1455 1893 alere
1467 1860 1660 1893 teneatur
1671 1880 1684 1892 .

577 1918 619 1964 Si
631 1934 810 1964 onrem
821 1916 1020 1965 habuerit
1030 1950 1044 1973 ,
1056 1914 1225 1962 debitus
1236 1913 1376 1962 honor
1387 1915 1427 1960 ei
1439 1913 1652 1962 tribuatur
1661 1950 1673 1961 .

574 1987 801 2032 Lucumon
812 1983 867 2032 ad
883 1983 1041 2032 AEdem
1054 1985 1206 2031 Martis
1225 1999 1323 2030 cum
1342 1981 1621 2031 Senatoribus
1631 2018 1644 2040 ‚
1663 1988 1708 2030 &
1726 1981 2050 2048 Magistratibus
2068 1983 2268 2033 omnibus

509 2053 647 2118 prima
661 2053 731 2101 die
744 2053 891 2101 menfis
902 2055 1029 2118 primi
1042 2052 1097 2100 ad
1107 2051 1331 2100 iurandum
1341 2053 1574 2099 conueniat
1584 2086 1597 2108 ,
1617 2058 1663 2100 δε
1681 2052 1874 2098 Vitulum
1896 2050 2107 2100 sacrificet
2118 2087 2130 2098 .

577 2124 618 2169 Si
633 2121 739 2187 quid
751 2124 905 2170 erroris
918 2120 1199 2178 commiserit,
1210 2117 1307 2184 post
1319 2119 1452 2168 finem
1463 2118 1596 2183 officij
1614 2119 1764 2168 adhoc
1785 2117 1810 2168 ὲ
1822 2125 1980 2169 Senatu
2003 2121 2127 2168 electi
2139 2124 2264 2186 puni-

511 2204 586 2237 ent
596 2215 610 2241 ,-
620 2190 810 2238 similiter
819 2197 865 2239 δε
878 2191 984 2238 alios
994 2188 1225 2238 Praefectos
1242 2222 1256 2245 ‚
1270 2188 1600 2235 Gubernatores
1611 2223 1623 2245 ,
1634 2193 1843 2236 Praetores
1853 2223 1865 2246 ,
1880 2194 1925 2236 &
1936 2191 2206 2237 Lucumones
2218 2225 2229 2236 .

575 2262 738 2307 Parmae
750 2263 974 2307 Lucumon
986 2257 1220 2307 Parmensis
1228 2256 1275 2304 fit
1284 2291 1296 2313 ,
1308 2263 1350 2304 &
1362 2255 1385 2304 a
1396 2257 1606 2307 Parmensi
1617 2261 1769 2305 Senatu
1780 2258 1983 2323 eligatur3
1996 2264 2038 2306 &
2049 2256 2266 2307 obedien-

510 2328 613 2374 tiam
627 2329 888 2375 Vulterrano
903 2331 1075 2375 Senatui
1086 2363 1102 2380 2
1115 2333 1159 2374 &
1178 2327 1414 2373 Lucumoni
1434 2328 1567 2373 iuret.

574 2397 844 2454 Lariensxum,
857 2403 900 2445 8:
912 2413 1077 2455 eorum,
1090 2396 1164 2461 qui
1175 2395 1347 2442 Vallem
1359 2396 1662 2442 Volturrenam
1675 2395 1879 2452 incolunt,
1890 2396 2085 2442 Patritius
2095 2394 2143 2442 fit
2157 2396 2263 2442 Vul-

512 2478 703 2513 terranus
713 2491 728 2517 ,-
739 2482 890 2514 verum
904 2464 959 2511 ab
971 2482 1119 2512 eorum
1133 2463 1319 2511 concilio
1331 2463 1479 2530 (quod
1489 2464 1713 2511 minimum
1721 2466 1930 2525 vocatur)
1953 2464 2154 2529 eligatur,
2177 2472 2222 2512 &
2234 2462 2260 2513 ὸ.

509 2534 766 2582 Vulterrano
776 2536 1027 2581 Lucumone
1039 2532 1347 2581 confirmetur.

576 2602 769 2668 Eligatur
780 2601 804 2650 a
813 2601 1128 2650 Veronensibus
1138 2599 1394 2649 Veronensis
1403 2603 1589 2654 Praetor,
1600 2601 1673 2668 qui
1683 2615 1755 2648 aut
1763 2598 1865 2666 ipse,
1878 2614 1952 2649 aut
1959 2601 2063 2647 alius
2073 2617 2155 2666 pro
2166 2598 2259 2666 ipso

511 2667 803 2718 obedientiam
815 2672 1080 2719 Vulterrano
1090 2670 1264 2719 Senatui
1275 2670 1386 2716 iuret
1398 2703 1410 2714 .

576 2741 750 2787 Mantua
758 2743 819 2787 nis
829 2757 934 2787 vnus
945 2742 1171 2788 Praefectus
1183 2736 1206 2786 a
1218 2738 1477 2785 Vulterrano
1487 2740 1646 2786 Senatu
1657 2735 1882 2802 eligendus
1893 2736 1955 2784 est
1969 2756 1982 2792 ,-
1997 2738 2101 2785 alter
2111 2737 2166 2786 ab
2176 2743 2261 2786 Ar-

509 2807 656 2854 retinis
668 2826 680 2863 3
692 2811 835 2856 tertius
848 2807 871 2856 a
884 2807 1095 2857 Fesulanis
1105 2809 1308 2874 eligatur,
1326 2822 1473 2854 verum
1489 2805 1773 2872 vnusquisque
1801 2811 1845 2853 ὃ(
1867 2804 2191 2864 aVulterranis,
2213 2814 2259 2856 &

481 2898 485 2902 ²
509 2873 566 2921 ab
578 2878 786 2924 Arretinis
798 2911 813 2934 ,
829 2882 873 2925 δε
894 2876 918 2924 a
930 2877 1140 2926 Fesulanis
1160 2875 1467 2924 confirmetur:
1487 2880 1532 2922 δε
1543 2874 1599 2923 ne
1612 2873 1883 2923 dissensiones
1898 2876 2112 2932 oriantur,
2132 2876 2259 2940 quili-

507 2942 585 2990 bet
605 2962 757 3061 eosrum
769 2963 849 3011 per
869 2961 1056 3013 quatuor
1074 2945 1243 2996 menses
1259 2946 1445 3012 primum
1463 2945 1610 2993 locum
1630 2944 1814 2993 habeat:
1835 2945 1903 3008 alij
1924 2943 2012 2992 duo
2029 2944 2260 2999 adiuuent,

507 3017 551 3060 &
563 3030 648 3061 con
668 3015 808 3062 ulant.

2028 3107 2192 3168 Capuae
2259 3171 2263 3172 ⁷
