2406 3580
233 593 235 596 y
302 540 409 585 XLI.

305 613 336 654 S
339 604 461 653 carith

254 676 333 720 Die
375 675 460 737 xiij.

235 745 426 808 ·Auguffi

258 827 460 860 MDDxxxv

350 1020 396 1064 A

468 2987 535 3055 ¹lis
558 3004 703 3036 verum
723 2991 852 3037 etiam
873 2991 1037 3037 Graecis
1056 3024 1068 3046 ‚
1090 2990 1307 3047 Barbaris‚
1331 2998 1374 3039 δέ
1400 2993 1536 3040 Gallis
1556 2993 1794 3040 retulerint:
1841 2998 1963 3056 Qot
1981 2991 2241 3055 triumphos:

646 594 822 643 Primam
831 627 848 647 ,
870 590 929 654 ff*
925 591 1145 655 sbcundam
1146 607 1302 659 partem
1311 600 1343 640 S
1340 592 1423 657 yllf
1433 608 1514 658 repo
1507 592 1581 656 sici
1592 615 1606 639 .·
1628 591 1782 639 tertiam
1793 611 1858 659 ego
1868 595 2074 662 Prqsperus

935 662 1147 726 chfidanus
1157 661 1263 708 hicin
1275 662 1344 709 hac
1352 680 1437 709 arce
1455 659 1613 728 obscfflcs
1630 678 1759 729 repono
1769 696 1781 709 .

479 884 547 914 cm
561 866 757 927 Vulterre
771 865 1003 914 deficiente
1015 883 1188 915 annona
1199 868 1319 915 multi
1330 884 1382 916 ex
1401 867 1662 934 primoribus
1682 868 1900 916 Dicitatori
1918 866 1960 915 se
1985 865 2148 915 dedere
2169 881 2247 914 co-

479 933 698 1001 gitabant:
713 953 865 984 verum
877 940 1052 984 Marcus
1061 936 1236 984 Flaccus
1246 934 1406 985 affidue
1417 939 1629 1004 populum
1642 936 1796 985 orabat
1804 971 1818 994 ‚
1829 951 1875 985 vt
1885 937 2082 983 Ciuitatis
2093 934 2246 984 defen-

477 1003 580 1051 iioni
591 1002 758 1053 studere
765 1004 959 1052 tzdeinde
971 1002 1304 1070 supplicationes
1316 1007 1362 1053 in
1375 1005 1562 1054 triduum
1573 1006 1744 1055 indietae
1755 1003 2034 1069 sunt3Dijque
2046 1003 2247 1052 obsecra-

478 1075 507 1119 ti
524 1074 637 1121 circa
648 1074 796 1121 omnia
806 1073 1063 1137 puluinaria:
1077 1072 1312 1122 Pontifices
1322 1108 1335 1132 ‚
1348 1075 1607 1124 Sacerdotes
1618 1109 1632 1133 ‚
1643 1073 1787 1136 Prgses
1798 1108 1812 1132 ,
1825 1079 2055 1123 Senatores
2066 1106 2080 1131 >
2092 1078 2136 1121 ὃ(
2148 1079 2248 1121 Ma-

478 1140 556 1207 gist
567 1155 680 1189 ratus
691 1158 846 1189 omnes
866 1143 1104 1190 Ciuitatem
1115 1141 1395 1190 circumiuere
1409 1179 1421 1190 .

547 1212 726 1259 Interim
739 1210 851 1277 Sylla
861 1211 1192 1258 Pomarancium
1203 1210 1774 1276 ceperat1Pomarancienses
1785 1209 1859 1259 diu
1870 1207 2245 1264 obstiterant3ideo
2252 1233 2257 1273 ἱ

480 1276 568 1325 fere
580 1295 732 1326 omnes
745 1277 869 1326 occisi
880 1275 971 1326 sunt
981 1301 997 1329 5
1009 1279 1165 1328 moenia
1175 1279 1316 1328 diruta
1325 1304 1340 1330 ,-
1351 1280 1510 1328 domus
1520 1278 1800 1327 cadaueribus
1813 1279 2004 1344 repletaes
2017 1274 2257 1367 dimidium}

482 1345 601 1394 castri
614 1350 713 1412 igne
725 1345 1049 1412 consumptum:
1064 1345 1222 1395 deinde
1246 1347 1364 1413 apud
1387 1348 1653 1396 Scornellum
1674 1348 1808 1396 castra
1826 1347 1966 1413 posita
1986 1345 2107 1394 fuere
2117 1371 2132 1398 ,-
2155 1344 2248 1412 quo

483 1415 607 1462 Titus
620 1414 840 1463 Orbianus
852 1433 951 1463 cum
962 1416 1103 1462 eleffli
1114 1415 1295 1462 militum
1307 1415 1434 1465 classe
1445 1415 1688 1482 progressus
1700 1417 1762 1464 est
1775 1452 1785 1463 .
1800 1418 2003 1464 Difficator
2022 1415 2136 1481 Sylla
2147 1416 2191 1481 pl
2200 1431 2248 1462 u-

487 1485 566 1530 ries
584 1485 883 1532 Scornellanos
892 1483 1039 1532 inuasit
1048 1517 1062 1541 ,
1074 1489 1119 1531 &
1130 1482 1300 1549 semper
1312 1482 1336 1532 ὲ
1346 1484 1557 1551 Magistro
1569 1486 1797 1550 Equitum,
1810 1483 1834 1532 ὲ
1845 1489 2001 1532 Marco
2013 1485 2164 1531 Alerio
2175 1500 2249 1532 ca·-

486 1550 553 1599 stri
566 1551 774 1599 Praefecto
783 1585 796 1609 ,
808 1559 853 1600 &
861 1552 964 1603 Tito
974 1552 1158 1600 Alnotio
1167 1555 1371 1600 Arretino
1384 1555 1493 1604 arcis
1505 1551 1680 1602 custode
1693 1587 1707 1611 2
1718 1556 1794 1620 qui
1805 1553 1987 1601 castrum
1999 1551 2245 1610 tuebantur,

487 1622 668 1668 reiestus
678 1620 758 1668 fuit
772 1627 840 1676 3&
853 1620 1033 1668 castrum
1047 1619 1318 1670 circumsedit
1328 1655 1339 1667 .
1351 1622 1600 1669 Vulterrani
1612 1637 1754 1670 autem
1767 1625 1922 1670 timore
1933 1622 2150 1686 perterriti
2170 1622 2247 1668 de-

486 1688 658 1738 ditionis
671 1690 860 1737 concilia
870 1688 1093 1737 habebant
1104 1724 1116 1736 .
1150 1687 1306 1738 Praeses
1315 1689 1556 1737 vniuersum
1567 1690 1777 1755 populum
1788 1725 1802 1748 ,
1816 1692 1947 1738 etiam
1959 1688 2154 1736 foeminas
2163 1691 2245 1736 in..

485 1761 693 1822 Magnam
705 1758 896 1805 Plateam
907 1759 1173 1805 conuocauit
1183 1782 1198 1809 ,-
1209 1775 1377 1816 verum,
1388 1761 1488 1824 quia
1498 1759 1645 1824 platea
1658 1773 1784 1807 tantae
1797 1756 2056 1805 multitudini
2069 1774 2158 1804 non
2169 1756 2259 1804 suf-2

484 1824 661 1872 ficiebat
672 1859 684 1882 ‚
706 1842 921 1874 Praecones
940 1824 995 1873 ad
1023 1826 1264 1874 Theatrum
1283 1828 1497 1892 populum
1518 1843 1760 1893 coegerunt
1772 1845 1782 1873 :
1805 1843 1989 1892 Augures
2010 1827 2158 1873 vocati
2176 1843 2251 1874 ve·-

484 1897 572 1940 nire
585 1892 905 1942 recusauerunt:
920 1894 1024 1941 mihi
1042 1892 1150 1943 vero
1162 1909 1211 1942 vt
1225 1896 1420 1943 Senatori
1431 1897 1492 1943 ire
1503 1897 1763 1960 permittitur
1776 1931 1787 1942 .
1822 1893 1980 1942 Praeses
1999 1896 2130 1960 igitur
2142 1911 2252 1960 prae-

485 1978 548 2008 ter
566 1964 780 2020 Lsttores,
793 1964 963 2010 &viros
973 1961 1226 2014 consuetos,-
1238 1979 1337 2011 cum
1357 1963 1509 2029 quibus
1530 1964 1696 2029 ingredi
1717 1963 1823 2013 solet
1842 1965 2048 2029 Equitum
2070 1961 2198 2010 sele&

485 2047 575 2076 rum
595 2047 753 2095 agmen
765 2030 877 2094 apud
888 2029 927 2078 se
939 2033 1111 2078 retinuit
1122 2065 1136 2083 2
1149 2046 1279 2096 atque
1293 2036 1335 2080 in
1348 2031 1443 2080 sella
1454 2032 1646 2080 eburnea
1657 2031 1806 2080 sedens
1827 2066 1841 2091 ,
1852 2032 1943 2080 haec
1954 2032 2123 2079 locutus
2137 2031 2211 2079 est.

552 2102 597 2145 O
610 2117 697 2147 vm
707 2098 923 2151 Ethrusci,
944 2100 1078 2164 qualis
1100 2101 1229 2146 timor
1250 2102 1294 2147 in
1313 2100 1436 2148 vobis
1450 2102 1663 2149 cernitur?
1706 2104 1818 2150 Non
1838 2099 2152 2148 reminiscimini
2173 2118 2249 2149 ve-

485 2166 589 2213 stros
609 2169 796 2214 maiores
815 2175 832 2212 ?
867 2170 976 2216 Non
998 2167 1289 2216 recordamini
1309 2171 1461 2217 virium
1481 2174 1675 2216 Auorum
1697 2169 1964 2218 vestrorum?
1994 2168 2247 2217 honorem..

485 2235 669 2284 vestrum
690 2252 779 2283 non
799 2239 973 2284 curatis?
986 2238 1118 2303 Igitur
1136 2251 1224 2284 tam
1235 2236 1323 2285 cito
1334 2240 1522 2285 animum
1535 2238 1773 2286 dimittitis?
1811 2239 1945 2305 Igitur
1954 2252 2043 2285 tam
2063 2235 2151 2286 cito
2171 2238 2251 2286 ho-

487 2303 617 2351 stibus
639 2319 727 2351 tam
747 2304 847 2351 diris
857 2323 936 2353 vos
955 2301 1249 2353 commiseritis
1267 2314 1284 2353 ἒ
1322 2308 1459 2372 Igitur
1476 2305 1606 2372 Vsque
1618 2306 1672 2354 ad
1694 2322 1882 2355 mortem
1896 2341 1910 2360 2
1932 2321 2061 2373 atque
2081 2308 2248 2353 etiam..

487 2371 582 2439 post
594 2387 778 2421 mortem
790 2406 803 2430 ,
812 2373 840 2420 fi
852 2372 1092 2430 animabus,
1103 2391 1198 2439 quae
1208 2392 1394 2440 corpore
1405 2391 1556 2422 carent
1565 2409 1578 2433 ,
1590 2375 1751 2440 aliquid
1760 2377 2020 2441 permittitur
2030 2409 2044 2432 ‚
2056 2374 2243 2424 vestram

486 2442 667 2505 patriam
680 2458 770 2489 non
781 2441 1079 2489 defenderitis?
1115 2447 1222 2490 Eam
1244 2446 1424 2508 patriam
1436 2478 1448 2500 ,
1460 2445 1633 2510 inquam
1643 2479 1655 2501 ,
1669 2462 1764 2510 quae
1776 2443 1799 2492 a
1810 2449 1979 2509 Magno
2002 2443 2246 2492 Vandimo—

486 2526 538 2555 ne
562 2508 770 2557 aedificata
780 2544 794 2567 ,
814 2516 858 2559 &
878 2510 1113 2559 inhabitata
1125 2511 1203 2559 fuit
1213 2546 1226 2568 ,
1247 2529 1342 2577 quae
1363 2529 1440 2577 per
1459 2527 1525 2559 tot
1542 2511 1678 2561 secula
1689 2530 1778 2561 non
1797 2512 1932 2560 modo
1951 2513 1997 2558 in
2014 2513 2215 2559 Italiam-2
2227 2531 2242 2569 3

487 2594 633 2624 verum
653 2580 785 2626 etiam
805 2581 847 2626 in
866 2578 1088 2644 plerasque
1102 2584 1288 2645 Europae
1300 2583 1527 2646 Regiones
1549 2581 1771 2629 dominata
1784 2581 1864 2628 est.
1903 2582 2090 2627 Patriam
2105 2581 2245 2638 illam5

486 2663 580 2709 quae
591 2646 646 2693 ab
656 2648 867 2695 Vniuerso
879 2648 987 2695 orbe
999 2646 1112 2694 adeo
1124 2648 1364 2706 aestimatur,
1377 2656 1420 2697 ὅ(
1432 2650 1602 2702 colitur,
1613 2650 1734 2698 causa
1748 2648 2004 2698 Sacrosant‘ti
2017 2654 2243 2715 Augurum

487 2714 674 2779 Collegij
686 2748 699 2771 ‚
709 2730 750 2761 vt
763 2719 864 2776 (vos
876 2734 1029 2763 omnes
1040 2714 1177 2775 scitis)
1191 2716 1264 2782 ipfi
1274 2720 1464 2766 Romani
1476 2718 1619 2767 hostes
1629 2718 1773 2774 nostri,
1784 2720 1979 2782 quamuis
1991 2716 2157 2782 semper
2166 2735 2244 2765 cu·

489 2786 693 2840 rauerint,
713 2789 757 2830 ὃ(
767 2800 916 2832 curent
926 2820 939 2836 ,
953 2802 1032 2832 nos
1042 2819 1055 2842 ,
1077 2784 1351 2850 nostramque
1371 2787 1552 2852 gloriam
1564 2786 1807 2853 deprimere
1819 2822 1832 2844 ‚
1853 2785 1909 2834 ad
1928 2785 2149 2834 discendas
2168 2785 2245 2834 sci·

489 2851 624 2898 entias
637 2850 719 2899 huc
730 2856 989 2901 conueniant
1000 2893 1011 2904 „
1047 2855 1140 2901 Vos
1156 2852 1263 2901 scitis
1275 2854 1372 2918 post
1384 2857 1546 2903 eiectos
1558 2859 1705 2920 Reges
1717 2871 1925 2919 quantum
1936 2854 2058 2903 fuerit
2069 2856 2244 2902 Vulter·

488 2936 637 2967 ranum
648 2920 899 2985 imperium:
938 2927 1060 2983 Qot
1071 2924 1262 2969 Maiores
1276 2923 1405 2971 nostri
1418 2925 1615 2971 vidkorias
1626 2923 1681 2970 de
1693 2923 1884 2971 hostibus
1904 2941 1992 2971 non
2012 2923 2146 2970 modo
2161 2926 2245 2969 Ita·
2268 2953 2272 2957 «

488 3057 671 3114 Quoties
691 3061 880 3106 Romam
901 3056 1170 3105 obsederint:
1218 3062 1401 3112 Quoties
1422 3078 1473 3122 pa
1483 3076 1646 3107 rentum
1668 3060 1905 3107 nostrorum
1927 3061 2057 3107 virtus
2078 3063 2245 3107 Roma-

895 3218 1237 3227 m—-m--m

2094 3163 2175 3195 BOS
2224 3189 2226 3191 ,
