2406 3580
758 299 963 386 Liber
1006 316 1324 415 Qartus.
1732 355 1804 397 22

100 437 237 562 Rs
261 434 420 500 Agistri
432 441 545 500 quali
556 435 768 483 tubicines
778 435 832 483 ad
844 435 1109 485 scientiarum
1120 445 1355 490 certamina
1376 444 1677 510 discipulorum
1693 448 1860 493 animos

287 505 474 551 excitare
485 537 498 561 ,
510 519 641 569 atque
651 504 825 552 incitare
836 503 1002 552 debent
1013 525 1026 561 3
1038 524 1187 555 verum
1198 543 1211 567 ,
1221 509 1249 556 fi
1262 511 1362 559 tuba
1375 530 1499 561 rauca
1510 512 1581 571 sit,
1592 514 1648 564 ad
1662 512 1860 571 risum‚ad

99 576 246 623 iocum
261 576 403 638 potius
414 590 543 638 quam
554 571 607 619 ad
618 573 812 637 praelium
823 573 977 621 milites
989 574 1144 623 allicit:
1165 579 1226 625 ita
1247 580 1441 645 Magistri
1453 583 1667 647 ingenium
1680 617 1693 640 ,
1712 581 1741 630 si
1752 581 1858 630 rude

99 642 150 690 sit
160 677 172 700 ‚
185 643 333 707 nequit
343 644 518 692 iuuenes
529 639 582 687 ad
596 642 955 689 virtutesincitare
965 666 981 693 ,-
991 642 1095 692 ideo
1110 645 1304 710 optime,
1323 666 1378 697 an
1389 650 1583 716 Magistri
1602 650 1732 698 nostri
1753 650 1860 698 Col-

100 712 186 777 legi
188 713 203 774 j
215 711 317 758 tuba
327 709 481 758 sonora
491 709 537 757 s1t
547 727 560 764 3
571 707 679 758 idest
688 726 742 757 an
752 711 845 759 eius
855 709 1049 776 probitas
1060 745 1074 764 2
1087 729 1140 760 an
1153 713 1344 764 doctrina
1354 716 1408 765 ad
1420 718 1506 766 hoc
1528 736 1680 767 munus
1701 716 1862 767 idonea

103 780 172 828 fue
178 777 300 830 rinna
312 776 639 829 Dorchethibus
649 778 887 844 periculum
898 776 989 826 fieri
1000 779 1154 829 nostrae
1163 784 1302 850 Leges
1311 788 1580 853 praecipiunt,
1591 804 1771 854 quarum
1781 786 1863 836 ob-

105 847 360 896 seruantiam
370 862 414 895 vt
423 847 585 895 seruem
597 881 609 905 ‚
620 847 710 897 haec
721 845 849 895 vobis
858 864 1065 914 propono
1076 883 1089 895 .

167 915 269 964 And
276 933 378 964 aces
389 916 520 964 multa
530 912 751 981 saepiffime
761 914 909 985 adepti
920 914 961 964 su
967 931 1013 964 nt
1024 951 1037 963 .

169 985 310 1031 Multa
324 983 572 1032 difficillima
584 985 851 1050 experientia
863 984 1053 1034 faciliora
1063 984 1328 1038 demonstrat
1338 1025 1351 1038 .

168 1052 316 1102 Subita
327 1055 457 1100 etiam
470 1052 604 1101 fortes
616 1053 838 1103 deterrent
848 1088 860 1100 .

169 1125 237 1174 Ira,
249 1120 406 1172 summa
420 1121 647 1169 infelicitas
662 1120 724 1169 est
734 1157 744 1166 .

170 1189 401 1239 Iracundus
413 1188 436 1238 a
447 1190 574 1237 stulto
585 1190 688 1237 nihil
700 1187 844 1239 differt
857 1224 868 1236 .

172 1262 477 1324 Magnanimus
488 1258 761 1307 aduerfitates
777 1260 1040 1307 contemnit.

167 1330 473 1393 Magnanimus
483 1327 648 1384 estmon
660 1327 787 1394 quise
800 1326 993 1375 vindicat
1003 1328 1058 1376 de
1079 1330 1201 1377 iniuri
1202 1335 1237 1395 js
1247 1367 1259 1390 ,
1278 1332 1351 1381 sed
1372 1335 1448 1400 qui
1467 1332 1686 1383 vindicare
1695 1331 1840 1400 potuit
1850 1364 1864 1389 ‚

100 1400 146 1444 δε
155 1398 375 1461 pepercit:
392 1399 574 1449 maxima
587 1400 701 1447 enim
711 1396 897 1446 vindiCta
911 1395 971 1443 est
984 1395 1206 1462 ignoscere
1221 1437 1229 1445 .

166 1465 375 1529 Superbia
385 1465 513 1514 hostis
525 1467 727 1513 virtutum
739 1467 936 1513 omnium
947 1499 960 1523 ,
980 1466 1125 1515 vltima
1136 1468 1324 1518 hominis
1343 1472 1560 1537 pernicies
1570 1506 1580 1517 .

171 1534 390 1599 Superbus
402 1534 628 1582 simillimus
641 1533 702 1582 est
714 1534 836 1583 feris.

169 1606 268 1670 Ego
280 1604 524 1652 Artabanus
534 1603 725 1653 Venesus
736 1605 930 1671 patritius
940 1604 1218 1655 Vulterranus
1227 1639 1241 1664 ,
1250 1613 1294 1656 &
1304 1607 1581 1658 Dorchethes
1589 1602 1866 1672 suprascripta

98 1671 307 1738 *approbo
320 1708 331 1717 .
899 1736 900 1739 Ἰ

171 1743 271 1805 Ego
282 1740 430 1789 Astrus
442 1743 635 1791 Borosius
647 1744 840 1808 patritius
853 1742 1188 1791 Mediolanensis
1201 1777 1214 1790 .

169 1811 268 1874 Ego
280 1812 448 1859 Corath
458 1811 648 1860 Ferofius
660 1812 781 1860 Ciuis
792 1810 1088 1860 Panormensis
1108 1812 1562 1867 Siculus2Vulterranus
1582 1808 1870 1862 Dorchethesl

105 1877 310 1943 approbo
323 1913 332 1923 .

171 1949 270 2012 Ego
283 1951 424 1995 Corus
436 1948 577 1996 Belius
589 1949 857 1996 Phaenianius
866 1948 1289 2006 Ciuis,Dorchethes
1301 1951 1505 2016 approbo
1516 1988 1530 2000 .

170 2018 269 2080 Ego
280 2017 473 2064 Nuccius
494 2019 680 2066 Aredius
698 2020 864 2067 Caeritis
884 2022 1114 2084 Augurum
1132 2018 1359 2068 Praefectus
1380 2021 1548 2070 Vacum
1567 2018 1742 2068 Cetium
1760 2016 1868 2065 Car-

104 2082 280 2132 nensem
290 2083 541 2151 Magistrum
552 2085 768 2135 confirmo
781 2118 794 2133 .

174 2507 274 2569 Ego
283 2501 450 2549 Turnus
461 2500 572 2546 Vian
578 2514 625 2546 us
634 2497 880 2563 Nepefinus
891 2531 904 2555 ‚
916 2491 1063 2546 Scriba
1073 2492 1283 2561 subscripsi
1295 2510 1409 2542 anno
1430 2491 1455 2541 ὃ,
1465 2493 1661 2558 νυῐῑεης
1684 2493 1876 2545 aedifica-

109 2585 228 2620 tione
241 2588 305 2619 cia
316 2587 381 2617 cio
393 2584 598 2630 ioctxxuj.

271 2707 454 2774 Agisteri
457 2708 471 2770 j
484 2702 740 2771 magnitudo
752 2717 867 2751 tanta
879 2700 938 2752 est
947 2737 960 2761 ‚
971 2717 1017 2752 vt
1027 2702 1133 2750 illius
1144 2717 1232 2750 non
1244 2701 1379 2766 ignari
1391 2698 1446 2748 ab
1457 2700 1543 2748 hoc
1554 2717 1688 2749 onere
1700 2699 1740 2749 se
1760 2701 1870 2751 libe-

113 2709 265 2835 M
298 2794 369 2824 ros
379 2789 606 2840 exoptent:
619 2788 665 2821 at
676 2788 827 2821 contra
837 2773 942 2820 tanti
951 2770 1160 2837 ponderis
1171 2772 1304 2835 ignari
1315 2803 1327 2827 ‚
1340 2770 1467 2817 etiam
1478 2802 1493 2826 ‚
1503 2786 1597 2835 quae
1608 2787 1698 2818 non
1709 2770 1870 2819 didice-

112 2849 196 2897 rint
207 2847 438 2914 praecipere
449 2840 754 2908 concupiscunt
765 2876 775 2888 .
812 2841 897 2889 Sed
907 2876 921 2894 2
936 2840 990 2889 ne
1003 2841 1088 2887 hoc
1101 2841 1143 2886 in
1153 2839 1356 2904 Collegio
1368 2836 1512 2886 nostro
1531 2839 1724 2897 accidat,
1742 2839 1869 2886 statu-

100 2894 206 2966 itum
219 2915 244 2965 ὲ
254 2912 488 2963 maioribus
500 2906 806 2977 religiosissime
821 2908 984 2957 anobis
995 2906 1245 2956 obseruatur
1259 2925 1271 2963 3
1282 2922 1325 2954 vt
1336 2911 1380 2955 ὃ(
1390 2906 1553 2955 indocti
1567 2907 1622 2955 ab
1633 2908 1719 2954 hoc
1731 2924 1868 2955 onere

102 2988 359 3050 'reijciantur
369 3015 384 3035 ,
398 2986 442 3029 &
453 2978 570 3028 doch
580 2978 634 3027 ad
647 2978 733 3026 hoc
746 2995 909 3035 munus,
927 2979 1055 3027 etiam
1069 2978 1190 3023 inuiti
1201 2976 1520 3040 compellantur
1531 3011 1542 3023 .
1564 2980 1627 3022 At
1638 2977 1731 3040 quis
1744 2974 1766 3022 a
1778 2973 1870 3022 san-

100 3018 305 3110 lffiffimis
317 3047 561 3116 Auguribus
573 3049 732 3096 electus
742 3050 899 3095 inuitus
911 3062 1059 3094 munus
1070 3044 1286 3111 suscipiat?
1297 3047 1422 3111 igitur
1433 3060 1518 3110 ego
1530 3060 1608 3091 nec
1619 3043 1789 3092 labores
1803 3061 1870 3092 re-

104 3093 120 3202 ἱ
435 3117 1155 3129 „w
1191 3118 1205 3122 —
1216 3117 1318 3124 —-—
1703 3111 1856 3177 cusa-¹·
