2406 3580
788 296 987 374 Liber
1024 299 1297 377 Tertius.
1754 340 1823 399 ¹7
1832 342 1874 401 7

199 429 246 473 In
259 427 415 471 Senatu
427 458 439 481 ‚
451 427 493 470 in
504 426 697 489 Templis
708 458 721 481 ,
731 428 825 472 &in
836 426 1026 473 Theatro
1038 427 1312 495 vnusquisque
1327 429 1444 478 suum
1465 433 1612 480 locum
1632 449 1818 499 occupet
1831 468 1841 480 .

195 491 331 558 Apud
341 493 573 542 Pontifices
585 492 631 540 fit
640 494 917 541 intercalandi
928 494 1119 559 potestas
1131 530 1142 543 .

196 563 420 609 Lamenon
432 562 606 628 quisque
618 561 749 609 soluat
759 600 771 611 .

196 631 338 678 Prima
349 633 447 678 anni
457 630 543 684 die,
555 636 599 678 &
609 632 803 695 quinque
814 628 1090 695 sequentibus
1103 636 1242 682 omnis
1250 637 1435 701 populus
1446 635 1485 684 se
1498 637 1621 695 lauet,
1635 638 1878 687 &solemne

129 696 279 746 festum
290 714 487 764 peragat3
498 717 594 747 nam
607 699 669 747 his
680 697 834 747 diebus
846 698 1094 746 Vandimon
1107 703 1312 751 Vulterrae
1321 706 1424 751 iecit
1433 707 1571 770 prima
1583 706 1878 754 fundamenta.

197 766 417 815 Publicam
426 770 655 835 pecuniam
665 803 679 828 ,
691 782 761 817 aut
770 765 928 815 sacram
938 767 965 817 fi
978 771 1073 834 quis
1084 768 1300 819 abstulerit
1310 807 1323 830 ,
1344 772 1529 840 scaragia
1541 791 1683 823 morte
1705 776 1881 823 damna-

130 835 242 884 bitur
253 870 265 884 .

199 905 349 970 Siquis
367 908 539 952 Brocon
558 903 650 953 vsus
670 904 820 962 fuerit,
833 919 907 952 aut
918 905 1023 953 alios
1035 909 1215 971 pecunia
1234 908 1308 956 fibi
1321 909 1553 969 addixerit,
1573 926 1620 960 vt
1641 928 1792 959 munus
1807 912 1881 958 ali-

132 972 344 1040 quod,aut
353 973 568 1021 honorem
582 972 867 1038 consequatur
876 974 1053 1022 chanica
1064 992 1192 1040 poena
1204 978 1450 1026 multabitur
1461 1015 1472 1026 .
1978 995 2023 1040 A

198 1042 286 1103 Qi
298 1038 404 1089 vero
415 1056 561 1090 contra
584 1044 770 1090 Patriam
792 1042 1034 1090 libertatem
1047 1049 1337 1102 attentauerit,
1350 1049 1470 1095 viuus
1482 1047 1880 1107 comburatur‚con-

131 1109 261 1158 uinffi
272 1109 538 1174 expellantur
547 1144 560 1168 ,
572 1109 688 1159 bona
697 1111 969 1176 publicentur
981 1146 995 1164 2
1010 1117 1054 1159 δέ
1064 1111 1216 1160 domus
1228 1113 1492 1164 desolentur.

266 1326 349 1374 Hoc
357 1320 546 1387 exemplar
554 1327 699 1383 Legum
709 1319 957 1381 antiquarum
968 1350 980 1373 ,
992 1335 1072 1380 quae
1081 1319 1122 1362 in
1129 1320 1233 1363 curia
1243 1319 1512 1368 custodiuntur
1520 1357 1536 1377 ,
1556 1337 1684 1389 repono
1691 1341 1756 1389 ego
1914 1335 2094 1381 XXXII,
2114 1338 2122 1401 Ξ

519 1391 726 1455 Prosperus
735 1385 950 1450 Fefiolanus
960 1392 990 1432 C
994 1385 1110 1449 ollegij
1119 1387 1351 1435 vulterrani
1347 1390 1478 1452 scriba
1490 1424 1499 1436 .
1948 1400 2103 1446 &arith
2115 1403 2121 1444 ξ

1907 1470 1986 1515 Die
2003 1470 2079 1514 xxi
2080 1487 2092 1531 J
2116 1471 2122 1499 ³

202 1527 291 1575 Dei
302 1528 520 1593 peregrini
533 1525 586 1574 ne
599 1526 812 1574 colantur.
1908 1538 2040 1600 Iunis·
2115 1518 2122 1612 ι

202 1596 351 1644 Deum
364 1595 515 1644 fabulae
526 1595 581 1643 ne
592 1594 818 1642 credantur
829 1626 841 1639 .
1910 1622 2121 1656 MDcxxxw

202 1664 278 1713 Ne
291 1664 395 1729 quid
407 1663 658 1730 inaugurato
670 1662 763 1710 fiat.
1997 1678 2037 1722 B·

206 1739 435 1783 Sacrorum
446 1733 605 1781 summa
616 1731 807 1797 potestas
819 1729 891 1778 sub
901 1729 1181 1780 Pontificibus
1192 1728 1284 1781 esto
1295 1767 1305 1778 .

202 1806 350 1850 Annus
360 1800 644 1850 duodecimus
655 1800 705 1848 fit
716 1800 866 1847 mensis
879 1833 889 1840 -

203 1870 359 1920 Nullus
371 1870 441 1918 nisi
451 1888 532 1936 per
542 1884 716 1935 portam
730 1868 897 1916 Vrbem
907 1868 1185 1935 ingrediatur,
1197 1867 1307 1917 neue
1319 1868 1566 1935 egrediatur
1579 1870 1761 1918 :moenia
1772 1869 1887 1919 enim

136 1937 395 1988 sacrosancta
409 1937 502 1987 sunt
514 1974 525 1985 .

205 2013 432 2057 Senatores
442 2009 486 2056 in
493 2006 614 2055 Vrbe
625 2005 753 2073 Vsque
762 2004 819 2054 ad
830 2003 964 2073 pedes
974 2019 1123 2073 togam
1136 2004 1358 2054 demiffam
1369 2005 1575 2064 habeant3
1588 2009 1729 2073 patriti
1730 2026 1743 2073 J
1755 2005 1884 2074 vsque

138 2076 195 2126 ad
207 2077 316 2125 talos
328 2110 340 2123 .

205 2146 361 2194 Mulier
371 2147 463 2193 viro
474 2142 666 2210 legitime
677 2143 902 2191 coniuncta
912 2142 1172 2191 fortunarum
1181 2177 1195 2201 ‚
1206 2140 1471 2192 &sacrorum
1480 2141 1593 2194 socia
1602 2143 1660 2191 illi
1669 2143 1759 2193 esto
1770 2178 1783 2193 .

207 2213 363 2261 Iudicis
376 2213 487 2261 fraus
498 2212 552 2260 ne
563 2212 815 2260 adhibetor.

184 2293 187 2294 ’
204 2284 309 2330 Pilia
320 2284 376 2331 vti
387 2285 496 2348 patri
508 2317 521 2340 ‚
532 2284 589 2329 ita
600 2281 804 2328 defuneto
814 2282 908 2328 viro
920 2279 1054 2327 haeres
1066 2278 1158 2327 esto
1168 2315 1179 2325 .

207 2355 439 2399 Parentum
448 2351 609 2399 liberos
620 2366 749 2397 omne
763 2351 824 2396 ius
836 2349 927 2396 esto
937 2348 1181 2414 relegandi,
1192 2347 1430 2408 vendendi,
1440 2355 1486 2399 &
1495 2349 1727 2401 occidendi
1738 2384 1751 2399 .

207 2419 431 2468 Parricidae
443 2421 585 2485 capite
598 2419 837 2484 plectantur
847 2453 858 2464 .
1984 2423 2028 2470 C

208 2489 407 2537 Adulter-i
409 2491 424 2551 j
437 2491 636 2537 conuicta
653 2485 778 2535 tiviro
790 2519 803 2542 ‚
813 2500 860 2534 vt
868 2485 983 2533 volet
995 2486 1135 2532 necari
1145 2482 1291 2551 poffit.

212 2557 481 2623 Deprehensi
490 2560 532 2604 in
544 2555 779 2604 homicidio
791 2553 930 2602 statim
939 2555 1168 2618 puniantur
1177 2590 1188 2600 .

209 2625 462 2677 Monstruofi
472 2641 619 2694 partus
630 2627 715 2673 fine
726 2622 876 2672 fraude
887 2622 1108 2671 caedantur
1117 2657 1130 2669 .

871 2715 1154 3038 JV

1744 3120 1828 3179 Ego
