2406 3580
596 465 664 494 cia
674 440 870 507 iocclxvj.
890 440 1030 490 Fullus
1042 438 1225 486 Olanius
1235 439 1459 486 Lucumon
1470 452 1482 482 ε
1495 435 1613 484 huius
1625 434 1778 483 saeuitia
1787 435 1966 501 plebem
1976 440 2019 484 in
2030 453 2284 502 patresztum

531 517 653 565 ciuile
664 515 824 562 bellum
835 526 1030 560 exortum
1041 542 1054 554 .
1089 503 1327 558 Fesulenses
1336 541 1351 557 2
1364 510 1408 552 &
1418 502 1648 553 Ruffellani
1659 505 1788 551 Vulte
1794 522 1905 553 rram
1916 538 1927 552 .
1966 507 2101 553 Fullus
2114 506 2168 553 de
2172 505 2286 572 posi-

536 604 601 635 tus
614 620 624 632 .
661 587 876 630 Comerus
885 577 1138 628 Tombleius
1151 592 1231 640 pro
1243 590 1299 621 eo
1309 572 1543 623 substitutus
1555 608 1565 619 .
1603 577 1766 638 Magna
1774 573 2020 639 pestilentia
2038 573 2190 623 ThusC1
2211 591 2287 622 ve⁴

538 657 617 703 xati
628 688 638 700 .
674 648 871 701 Pontifex
881 649 1094 695 Maximus
1105 646 1284 693 moritur
1294 678 1306 689 .
1341 641 1546 690 Critestes
1558 643 1775 693 Barcolius
1786 642 2006 689 Perusinus
2027 639 2221 690 successit
2241 644 2286 689 in

537 720 793 773 Pontificatu
805 752 818 765 .
850 713 1006 780 Thusci
1017 715 1208 762 colonias
1219 713 1445 766 Miceram3
1458 726 1553 776 quae
1563 709 1714 775 postea
1725 715 1866 759 Cuma
1877 709 1988 758 dicia
2000 710 2061 758 est
2072 744 2086 758 .-

603 792 669 838 εἰ)
679 787 1030 851 iacclxviijJnter
1041 798 1184 849 patres
1196 779 1411 829 discordiae
1422 782 1465 830 in
1476 779 1689 830 electione
1701 782 1962 830 Lucumonis
1974 780 2093 826 ,Fullj
2105 778 2231 827 faffio
2244 775 2289 826 jd

540 861 628 925 agit
637 874 718 924 pro
730 854 892 907 viribus
901 889 915 913 ,
936 868 984 902 vt
1001 853 1137 899 nullus
1149 851 1328 917 eligatur
1338 882 1352 905 ,
1372 850 1448 915 qui
1468 864 1558 896 non
1566 847 1616 896 fit
1635 864 1687 897 ex
1696 848 1900 897 Fullanis:
1922 865 2054 918 quare
2069 851 2291 896 Cometus

504 963 513 978 .
543 931 671 975 etiam
682 923 860 993 sequens
870 923 1094 974 biennium
1104 920 1330 985 imperauit
1340 952 1350 963 .
1363 922 1417 965 Ci
1425 916 1568 967 itestes
1577 916 1775 966 Pontifex
1785 916 1993 966 occubuit
2002 952 2013 963 .
2033 915 2170 966 Ansur
2182 920 2294 965 Cro-

545 998 683 1044 nimus
691 990 890 1046 Lunensis
901 991 1062 1040 eleotus
1072 985 1269 1036 Pontifex
1281 988 1503 1042 Maximus3
1515 1003 1647 1053 quem
1661 988 1759 1052 Sagi
1770 1003 1858 1034 non
1869 987 2094 1051 recipiunt:
2108 985 2294 1051 populus

399 1089 445 1137 Α
546 1063 766 1112 tumultum
779 1079 790 1109 τ
804 1063 903 1129 Sag}
914 1060 1039 1112 eiesti
1049 1076 1064 1115 3
1076 1073 1126 1106 ex
1136 1054 1231 1123 ipsis
1243 1069 1328 1103 tres
1338 1052 1466 1103 occisi
1479 1090 1488 1099 .
1523 1053 1761 1119 Templum
1772 1052 1908 1102 Esaris
1920 1072 1999 1120 per
2009 1071 2173 1105 nouum
2183 1057 2297 1102 Pon-

547 1133 708 1182 tificem
720 1127 911 1182 lustratur
919 1164 932 1177 .
970 1128 1069 1194 Sagi
1080 1127 1297 1179 Arretium
1308 1121 1346 1171 se
1359 1126 1572 1188 recipiunt
1583 1158 1595 1170 .
1633 1127 1792 1171 Iterum
1810 1122 1964 1173 Thusci
1985 1121 2225 1188 pestilentia
2238 1123 2297 1172 13.

549 1201 726 1257 borant:
740 1198 783 1250 id
794 1197 962 1254 effecit,
974 1211 1023 1248 vt
1033 1197 1132 1262 Sagi
1144 1194 1300 1245 multos
1313 1209 1363 1241 ex
1375 1190 1505 1258 plebe
1517 1191 1573 1240 ad
1591 1189 1632 1239 se
1643 1191 1862 1240 traherent
1878 1190 2145 1240 affirmantes
2170 1195 2297 1239 Deos

549 1274 695 1323 iratos,
707 1268 829 1334 quod
837 1267 914 1336 ipsi
924 1263 1057 1318 effent
1067 1261 1221 1330 expulfi
1231 1297 1243 1309 .
1279 1265 1495 1310 Comerus
1508 1259 1566 1311 ne
1578 1261 1952 1311 nouusLucumon
1963 1260 2192 1326 eligeretur
2201 1276 2300 1326 per-

550 1337 663 1387 belle
675 1336 840 1387 obstitit
854 1337 869 1384 ⁷.
907 1339 1109 1387 Saturnus
1120 1333 1301 1380 Olanius
1311 1327 1483 1396 publice
1495 1331 1538 1379 in
1549 1329 1694 1397 platea
1702 1327 1992 1386 Tribunorum
2003 1363 2016 1387 ‚
2036 1326 2127 1396 quo
2147 1327 2301 1395 plebes

551 1421 816 1456 conuenerat
824 1407 868 1453 in
877 1407 1119 1456 Comerum
1127 1398 1389 1452 vociferatus
1398 1431 1412 1460 ,
1431 1396 1471 1449 se
1481 1396 1623 1467 plebis
1642 1395 1799 1446 ducem
1810 1396 2049 1445 constituit:
2074 1398 2230 1444 multos
2250 1412 2302 1445 ex

553 1478 617 1534 ijs,
628 1477 703 1542 qui
712 1473 954 1526 Tombleiae
963 1470 1147 1523 Familiae
1158 1482 1302 1537 partes
1311 1465 1599 1534 sequebantur
1609 1463 1772 1514 occidit
1783 1499 1792 1510 .
1828 1468 2050 1523 Cecfflnae,
2063 1471 2108 1514 &
2119 1466 2238 1513 multi
2250 1480 2303 1514 ex

532 1575 534 1577 -
555 1542 771 1592 nobilibus
782 1558 863 1608 pro
872 1539 1099 1590 Tombleis
1111 1573 1123 1584 .
1158 1539 1265 1585 Veri
1275 1552 1357 1601 pro
1370 1535 1541 1597 Olanijs
1554 1569 1565 1581 .
1601 1532 1675 1583 Ad
1685 1532 1889 1599 angulum
1900 1534 2076 1600 Pelasgo
2084 1551 2190 1591 rum>
2203 1540 2247 1584 ὃς
2258 1535 2303 1585 in

556 1615 626 1661 via
636 1611 794 1662 Cambi
804 1645 817 1668 ,
829 1616 873 1658 &
884 1608 999 1675 apud
1010 1607 1252 1655 AEdiculam
1262 1607 1388 1652 Lunae
1399 1617 1632 1669 pugnatur:
1645 1600 1799 1667 plebes
1809 1596 1998 1672 superior
2009 1638 2019 1649 .
2054 1607 2117 1653 At
2126 1601 2305 1668 sequen-

557 1683 587 1728 ti
598 1684 726 1730 noste
738 1679 917 1745 quidam
937 1694 988 1726 ex
1006 1672 1182 1746 plebessi
1191 1672 1416 1725 Tombleis
1435 1672 1623 1741 pecunia
1641 1673 2072 1736 corrupti‚Saturnum
2094 1672 2303 1718 Olanium

437 1770 474 1820 B
558 1748 672 1796 suum
684 1747 842 1796 ducem
853 1743 1109 1799 interfecere
1122 1777 1134 1794 .
1168 1742 1280 1793 Tum
1290 1742 1534 1792 Marancius
1543 1741 1779 1796 Pomariu3‚
1790 1740 1865 1804 qui
1877 1756 1956 1805 pro
1970 1740 2140 1802 Olanijs
2153 1741 2302 1797 fuerat,

560 1819 799 1866 Cecinnam
811 1816 988 1863 fluuium
999 1830 1096 1862 cum
1106 1809 1185 1859 suis
1196 1807 1460 1876 transgressus
1469 1842 1483 1871 ‚
1495 1806 1741 1866 castrum2in
1750 1823 1839 1875 quo
1849 1806 1889 1856 se
1902 1806 2306 1865 defenderet‚aedifi-

562 1888 689 1943 cauit,
701 1883 821 1950 quod
830 1884 1162 1935 Pomarancium
1175 1878 1331 1930 distuni
1343 1913 1356 1930 .
2253 1939 2256 1943 ⁸

630 1956 696 2001 cio
708 1954 909 2016 iocclxxij.
944 1948 1079 2016 Apud
1090 1948 1325 1999 Ianiculum
1336 1946 1567 2010 concilium
1578 1979 1591 1993 .
1625 1945 1725 2011 Sagi
1735 1978 1749 2004 ,
1767 1944 1891 2012 quod
1910 1946 2097 2012 populos
2108 1960 2289 1995 commo

566 2036 714 2069 uei-ent
723 2055 736 2078 ‚
757 2027 801 2068 ὃ(
811 2021 1012 2070 tumultus
1023 2019 1268 2073 excitarent,
1279 2014 1405 2062 delati
1417 2050 1429 2061 .
1467 2019 1578 2062 Item
1597 2014 1878 2063 Vulterranus*
1884 2017 1971 2065 Luc
1977 2030 2124 2068 umon,
2136 2013 2260 2081 quod
2269 2012 2309 2065 se

566 2095 739 2156 Regem
751 2088 912 2137 faceret
922 2124 934 2137 .
969 2092 1029 2135 At
1040 2092 1266 2151 sagorum,
1278 2090 1322 2132 &
1334 2084 1578 2131 Vulterrani
1586 2084 1845 2133 Lucumonis
1855 2085 2067 2150 potentia,
2079 2100 2179 2135 curn
2201 2087 2312 2138 inter

568 2162 839 2205 Lucumones
850 2156 1053 2205 tumultus
1066 2156 1348 2204 excitarentur
1358 2184 1371 2208 ‚
1381 2168 1568 2202 vacuum
1579 2152 1829 2203 Concilium
1840 2150 2050 2203 dimissum
2062 2187 2073 2199 .
2108 2153 2312 2210 Arretini,

569 2225 776 2283 Perusini,
788 2226 965 2289 Volsinij
976 2259 990 2282 ,
1000 2224 1192 2282 CaeriteS‚
1201 2218 1528 2286 Tarquinienses
1537 2254 1551 2281 ,
1563 2225 1608 2273 &
1618 2222 1827 2272 Veientes
1840 2222 1960 2290 Sagis
1971 2209 2313 2269 fauebant.Con-·
2389 2229 2391 2233 '

556 2283 631 2342 'tra
641 2294 810 2342 Thusco
816 2313 908 2342 rum
917 2295 1039 2359 leges
1049 2289 1162 2357 apud
1173 2293 1342 2338 Caerem
1353 2305 1557 2353 magnum
1567 2285 1925 2358 EsariTernplum
1935 2287 2148 2338 aedificant
2159 2324 2170 2337 .
2205 2289 2314 2338 Tar-

571 2381 655 2411 con
666 2361 806 2411 Asene
812 2377 949 2411 matus
960 2361 984 2413 ὲ
994 2358 1220 2410 Caeritibus
1228 2357 1424 2410 Pontifex
1432 2357 1647 2409 Maximus
1658 2371 1828 2407 creatur
1837 2392 1850 2405 .
1884 2358 2163 2407 Vulterranus
2173 2361 2312 2406 Lucu-

431 2453 474 2498 C
570 2448 674 2479 mon
685 2432 915 2482 concilium
927 2449 940 2487 3
952 2428 1076 2496 quod
1086 2433 1131 2477 &
1140 2428 1364 2478 Arretinus
1375 2461 1385 2472 .
1397 2425 1484 2490 Alij
1503 2426 1806 2474 Vulterranum
1818 2444 1830 2482 3
1842 2425 1912 2488 alij
1933 2429 2179 2475 Arretinum
2191 2462 2202 2473 .
2213 2431 2313 2475 Me-

467 2499 470 2502 ’
570 2498 850 2558 diolanenses,
862 2505 907 2550 δι
920 2499 1084 2565 populi,
1096 2498 1170 2562 qui
1180 2495 1326 2557 Rethij
1351 2494 1569 2551 dicuntur,
1582 2491 1606 2540 ὲ
1624 2493 1798 2542 Thuscis
1809 2493 2018 2545 deficiunt
2029 2529 2037 2540 ι
2050 2500 2213 2544 Sconus
2224 2498 2314 2544 Ce-

570 2565 650 2615 sius
659 2568 935 2617 Vulterranus
946 2567 1080 2615 Vallis
1090 2565 1358 2613 Volturrenae
1368 2598 1381 2622 ‚
1393 2568 1437 2611 &
1446 2561 1701 2614 Lariensium
1711 2566 1956 2625 Lucumon,
1968 2563 2090 2633 quod
2099 2580 2181 2632 pro
2194 2565 2314 2633 Sagis

573 2633 676 2683 effet
684 2669 698 2693 ‚
709 2652 885 2686 veneno
896 2632 1138 2703 absumptus
1150 2669 1162 2680 .

638 2703 935 2766 cioiocclxxjm
972 2704 1091 2755 Inter
1108 2697 1575 2766 Thuscossspugnatum.
1621 2703 1771 2749 Duces
1798 2699 2064 2749 Vulterranis
2094 2700 2316 2749 Vulterra·

576 2786 652 2820 nus
663 2789 676 2828 3
687 2775 894 2825 Arretinis
904 2773 1129 2822 Arretinus
1140 2773 1364 2819 Lucumon
1374 2804 1386 2816 .
1422 2774 1485 2818 Ex
1495 2784 1677 2833 Vtraque
1690 2781 1811 2834 parte
1830 2769 1951 2816 multi
1971 2769 2174 2818 cecidere
2187 2804 2197 2816 .
2226 2769 2317 2816 Fri..
2385 2799 2386 2802 =

577 2857 684 2906 gore
695 2855 878 2906 Vrgente
890 2839 1067 2888 induciae
1077 2874 1088 2886 .
1102 2841 1200 2904 Sagi
1211 2855 1308 2889 cum
1319 2840 1504 2888 exercitu
1514 2838 1626 2887 clam
1637 2838 1882 2887 Vulterram
1893 2855 1904 2885 ε
1916 2841 2046 2886 ηοθιιι
2056 2855 2136 2905 per
2144 2852 2316 2904 portam

577 2910 786 2972 Mercur'ij
798 2911 840 2955 in
852 2907 1022 2956 Vrbem
1034 2904 1198 2955 admissi
1211 2942 1220 2951 .
1254 2905 1411 2955 Plebes
1422 2905 1477 2955 ad
1489 2906 1713 2955 tumultum
1724 2940 1736 2952 .
1770 2907 1965 2955 Pontifex
1977 2910 2188 2959 Maximus
2199 2908 2317 2959 occi.-

579 2975 640 3024 sus
653 3012 665 3025 .
700 2976 835 3025 Esaris
844 2975 1077 3042 Templum
1089 2976 1294 3040 pollutum
1307 3011 1318 3022 .
1331 2976 1572 3023 Vulterrani
1583 2974 1804 3023 Pontificis
1816 2976 1914 3041 Sagi
1925 2977 2050 3027 eiecti
2060 3011 2072 3029 .,
2092 2979 2319 3028 Lucumon

579 3047 623 3092 in
633 3045 796 3094 aedibus
807 3043 988 3092 obseffus
999 3078 1012 3101 ‚
1022 3043 1197 3091 tandem
1207 3046 1250 3090 in
1260 3062 1452 3108 praeceps
1465 3044 1684 3106 dcijcitur.
1698 3045 1797 3108 Sagi
1817 3043 1974 3092 viribus
1986 3046 2194 3098 exercitus
2214 3058 2317 3091 'com

2104 3130 2250 3202 >fisici÷

375 3195 2335 3219 mmm—-
