<?xml version="1.0" encoding="UTF-8"?>
<!DOCTYPE html PUBLIC "-//W3C//DTD XHTML 1.0 Transitional//EN"
    "http://www.w3.org/TR/xhtml1/DTD/xhtml1-transitional.dtd">
<html xmlns="http://www.w3.org/1999/xhtml" xml:lang="en" lang="en">
 <head>
  <title>
</title>
<meta http-equiv="Content-Type" content="text/html;charset=utf-8" />
  <meta name='ocr-system' content='tesseract 3.04.00' />
  <meta name='ocr-capabilities' content='ocr_page ocr_carea ocr_par ocr_line ocrx_word'/>
</head>
<body>
  <div class='ocr_page' id='page_1' title='image "./ethruscarumantiq00ingh_0259.png"; bbox 0 0 2406 3580; ppageno 0'>
   <div class='ocr_carea' id='block_1_1' title="bbox 131 294 2121 329">
    <p class='ocr_par' dir='ltr' id='par_1_1' title="bbox 131 294 2121 329">
     <span class='ocr_line' id='line_1_1' title="bbox 131 294 2121 329; baseline 0 3251"><span class='ocrx_word' id='word_1_1' title='bbox 131 294 2121 329; x_wconf 95' lang='lat' dir='ltr'> </span> 
     </span>
    </p>
   </div>
   <div class='ocr_carea' id='block_1_2' title="bbox 159 313 1873 434">
    <p class='ocr_par' dir='ltr' id='par_1_2' title="bbox 159 313 1873 434">
     <span class='ocr_line' id='line_1_2' title="bbox 159 313 1873 434; baseline 0.009 -44"><span class='ocrx_word' id='word_1_2' title='bbox 159 420 214 434; x_wconf 36' lang='grc' dir='ltr'><em>ὦ</em></span> <span class='ocrx_word' id='word_1_3' title='bbox 248 419 289 423; x_wconf 27' lang='lat' dir='ltr'><em>Q</em></span> <span class='ocrx_word' id='word_1_4' title='bbox 559 374 562 377; x_wconf 23' lang='grc' dir='ltr'><strong><em>ι</em></strong></span> <span class='ocrx_word' id='word_1_5' title='bbox 785 313 986 392; x_wconf 85' lang='lat' dir='ltr'>Liber</span> <span class='ocrx_word' id='word_1_6' title='bbox 1030 321 1320 425; x_wconf 80' lang='lat' dir='ltr'>Qartus</span> <span class='ocrx_word' id='word_1_7' title='bbox 1338 385 1351 398; x_wconf 93' lang='lat'>.</span> <span class='ocrx_word' id='word_1_8' title='bbox 1756 356 1873 423; x_wconf 80' lang='lat'>225</span> 
     </span>
    </p>
   </div>
   <div class='ocr_carea' id='block_1_3' title="bbox 116 438 1885 1545">
    <p class='ocr_par' dir='ltr' id='par_1_3' title="bbox 184 438 746 506">
     <span class='ocr_line' id='line_1_3' title="bbox 184 438 746 506; baseline 0.005 -24"><span class='ocrx_word' id='word_1_9' title='bbox 184 438 282 484; x_wconf 83' lang='lat' dir='ltr'>Vita</span> <span class='ocrx_word' id='word_1_10' title='bbox 292 438 434 487; x_wconf 87' lang='lat' dir='ltr'>nostra</span> <span class='ocrx_word' id='word_1_11' title='bbox 446 440 507 488; x_wconf 87' lang='lat' dir='ltr'>est</span> <span class='ocrx_word' id='word_1_12' title='bbox 519 441 719 506; x_wconf 83' lang='lat' dir='ltr'>operatio</span> <span class='ocrx_word' id='word_1_13' title='bbox 734 473 746 485; x_wconf 90' lang='lat'><strong>.</strong></span> 
     </span>
    </p>

    <p class='ocr_par' dir='ltr' id='par_1_4' title="bbox 183 507 872 557">
     <span class='ocr_line' id='line_1_4' title="bbox 183 507 872 557; baseline 0.004 -7"><span class='ocrx_word' id='word_1_14' title='bbox 183 507 376 555; x_wconf 73' lang='lat' dir='ltr'>Felicitas</span> <span class='ocrx_word' id='word_1_15' title='bbox 387 508 446 556; x_wconf 88' lang='lat' dir='ltr'>est</span> <span class='ocrx_word' id='word_1_16' title='bbox 458 510 620 557; x_wconf 88' lang='lat' dir='ltr'>obliuio</span> <span class='ocrx_word' id='word_1_17' title='bbox 633 509 847 556; x_wconf 81' lang='lat' dir='ltr'>malorum</span> <span class='ocrx_word' id='word_1_18' title='bbox 859 540 872 553; x_wconf 91' lang='lat'><strong>.</strong></span> 
     </span>
    </p>

    <p class='ocr_par' dir='ltr' id='par_1_5' title="bbox 183 571 971 643">
     <span class='ocr_line' id='line_1_5' title="bbox 183 571 971 643; baseline 0.004 -22"><span class='ocrx_word' id='word_1_19' title='bbox 183 571 233 621; x_wconf 88' lang='lat' dir='ltr'>N</span> <span class='ocrx_word' id='word_1_20' title='bbox 236 590 294 622; x_wconf 82' lang='lat' dir='ltr'>on</span> <span class='ocrx_word' id='word_1_21' title='bbox 302 574 425 642; x_wconf 69' lang='lat' dir='ltr'>sagax</span> <span class='ocrx_word' id='word_1_22' title='bbox 434 610 451 634; x_wconf 84' lang='lat'>,-</span> <span class='ocrx_word' id='word_1_23' title='bbox 458 577 532 625; x_wconf 53' lang='lat' dir='ltr'>sed*</span> <span class='ocrx_word' id='word_1_24' title='bbox 538 577 725 643; x_wconf 75' lang='lat' dir='ltr'>prudens</span> <span class='ocrx_word' id='word_1_25' title='bbox 735 576 796 624; x_wconf 88' lang='lat' dir='ltr'>est</span> <span class='ocrx_word' id='word_1_26' title='bbox 807 575 947 625; x_wconf 86' lang='lat' dir='ltr'>bonus</span> <span class='ocrx_word' id='word_1_27' title='bbox 957 609 971 624; x_wconf 91' lang='lat'><strong>.</strong></span> 
     </span>
    </p>

    <p class='ocr_par' dir='ltr' id='par_1_6' title="bbox 189 644 866 695">
     <span class='ocr_line' id='line_1_6' title="bbox 189 644 866 695; baseline 0.003 -5"><span class='ocrx_word' id='word_1_28' title='bbox 189 644 340 692; x_wconf 86' lang='lat' dir='ltr'>Dulcis</span> <span class='ocrx_word' id='word_1_29' title='bbox 352 645 413 693; x_wconf 92' lang='lat' dir='ltr'>est</span> <span class='ocrx_word' id='word_1_30' title='bbox 424 649 635 695; x_wconf 86' lang='lat' dir='ltr'>memoria</span> <span class='ocrx_word' id='word_1_31' title='bbox 646 647 844 695; x_wconf 87' lang='lat' dir='ltr'>laborum</span> <span class='ocrx_word' id='word_1_32' title='bbox 857 677 866 688; x_wconf 85' lang='lat'><strong>·</strong></span> 
     </span>
    </p>

    <p class='ocr_par' dir='ltr' id='par_1_7' title="bbox 186 711 1039 781">
     <span class='ocr_line' id='line_1_7' title="bbox 186 711 1039 781; baseline 0.001 -23"><span class='ocrx_word' id='word_1_33' title='bbox 186 714 323 761; x_wconf 68' lang='lat' dir='ltr'>Nulla</span> <span class='ocrx_word' id='word_1_34' title='bbox 334 713 515 762; x_wconf 65' lang='lat' dir='ltr'>felicitas</span> <span class='ocrx_word' id='word_1_35' title='bbox 526 750 539 772; x_wconf 84' lang='grc'>,</span> <span class='ocrx_word' id='word_1_36' title='bbox 552 733 650 781; x_wconf 84' lang='lat' dir='ltr'>quae</span> <span class='ocrx_word' id='word_1_37' title='bbox 658 727 805 764; x_wconf 81' lang='lat' dir='ltr'>careat</span> <span class='ocrx_word' id='word_1_38' title='bbox 815 711 1014 761; x_wconf 86' lang='lat' dir='ltr'>libertate</span> <span class='ocrx_word' id='word_1_39' title='bbox 1025 745 1039 759; x_wconf 88' lang='lat'><strong>.</strong></span> 
     </span>
    </p>

    <p class='ocr_par' dir='ltr' id='par_1_8' title="bbox 186 781 840 848">
     <span class='ocr_line' id='line_1_8' title="bbox 186 781 840 848; baseline 0.002 -21"><span class='ocrx_word' id='word_1_40' title='bbox 186 781 412 830; x_wconf 78' lang='lat' dir='ltr'>Libertatis</span> <span class='ocrx_word' id='word_1_41' title='bbox 426 782 668 833; x_wconf 87' lang='lat' dir='ltr'>fomentum</span> <span class='ocrx_word' id='word_1_42' title='bbox 679 788 819 848; x_wconf 85' lang='lat' dir='ltr'><strong>Leges</strong></span> <span class='ocrx_word' id='word_1_43' title='bbox 831 817 840 827; x_wconf 91' lang='lat'>.</span> 
     </span>
    </p>

    <p class='ocr_par' dir='ltr' id='par_1_9' title="bbox 186 848 1295 969">
     <span class='ocr_line' id='line_1_9' title="bbox 186 848 1295 916; baseline 0.004 -21"><span class='ocrx_word' id='word_1_44' title='bbox 186 848 411 901; x_wconf 78' lang='lat' dir='ltr'>Discordia</span> <span class='ocrx_word' id='word_1_45' title='bbox 423 856 616 900; x_wconf 86' lang='lat' dir='ltr'>omnium</span> <span class='ocrx_word' id='word_1_46' title='bbox 627 869 767 900; x_wconf 89' lang='lat' dir='ltr'>rerum</span> <span class='ocrx_word' id='word_1_47' title='bbox 779 849 841 898; x_wconf 88' lang='lat' dir='ltr'>est</span> <span class='ocrx_word' id='word_1_48' title='bbox 855 850 1041 898; x_wconf 85' lang='lat' dir='ltr'>maxima</span> <span class='ocrx_word' id='word_1_49' title='bbox 1052 850 1268 916; x_wconf 85' lang='lat' dir='ltr'>pernicies</span> <span class='ocrx_word' id='word_1_50' title='bbox 1278 868 1295 899; x_wconf 72' lang='lat'><strong><em>;</em></strong></span> 
     </span>
     <span class='ocr_line' id='line_1_10' title="bbox 186 917 989 969; baseline -0.001 -5"><span class='ocrx_word' id='word_1_51' title='bbox 186 918 437 968; x_wconf 73' lang='lat' dir='ltr'>Liberalitas</span> <span class='ocrx_word' id='word_1_52' title='bbox 449 920 510 968; x_wconf 91' lang='lat' dir='ltr'>est</span> <span class='ocrx_word' id='word_1_53' title='bbox 518 938 668 969; x_wconf 89' lang='lat' dir='ltr'>comes</span> <span class='ocrx_word' id='word_1_54' title='bbox 679 917 927 969; x_wconf 81' lang='lat' dir='ltr'>concordiae</span> <span class='ocrx_word' id='word_1_55' title='bbox 942 953 952 963; x_wconf 93' lang='lat'>.</span> <span class='ocrx_word' id='word_1_56' title='bbox 987 952 989 957; x_wconf 83' lang='lat'><em>.</em></span> 
     </span>
    </p>

    <p class='ocr_par' dir='ltr' id='par_1_10' title="bbox 186 987 668 1038">
     <span class='ocr_line' id='line_1_11' title="bbox 186 987 668 1038; baseline 0.006 -5"><span class='ocrx_word' id='word_1_57' title='bbox 186 988 266 1034; x_wconf 87' lang='lat' dir='ltr'>Nil</span> <span class='ocrx_word' id='word_1_58' title='bbox 280 987 432 1037; x_wconf 78' lang='lat' dir='ltr'>foedius</span> <span class='ocrx_word' id='word_1_59' title='bbox 445 992 642 1038; x_wconf 86' lang='lat' dir='ltr'>Auaritia</span> <span class='ocrx_word' id='word_1_60' title='bbox 657 1025 668 1036; x_wconf 89' lang='lat'><strong>.</strong></span> 
     </span>
    </p>

    <p class='ocr_par' dir='ltr' id='par_1_11' title="bbox 117 1054 1882 1259">
     <span class='ocr_line' id='line_1_12' title="bbox 117 1054 1882 1130; baseline 0.005 -26"><span class='ocrx_word' id='word_1_61' title='bbox 117 1059 216 1122; x_wconf 84' lang='lat' dir='ltr'>Ego</span> <span class='ocrx_word' id='word_1_62' title='bbox 229 1060 399 1104; x_wconf 86' lang='lat' dir='ltr'>Marcus</span> <span class='ocrx_word' id='word_1_63' title='bbox 412 1059 647 1107; x_wconf 74' lang='lat' dir='ltr'>Marcellus</span> <span class='ocrx_word' id='word_1_64' title='bbox 655 1061 884 1107; x_wconf 83' lang='lat' dir='ltr'>Romanus</span> <span class='ocrx_word' id='word_1_65' title='bbox 894 1054 1139 1108; x_wconf 79' lang='lat' dir='ltr'>vulterrani</span> <span class='ocrx_word' id='word_1_66' title='bbox 1150 1057 1338 1124; x_wconf 83' lang='lat' dir='ltr'>Collegij</span> <span class='ocrx_word' id='word_1_67' title='bbox 1349 1055 1627 1130; x_wconf 80' lang='lat' dir='ltr'>socius‚quod</span> <span class='ocrx_word' id='word_1_68' title='bbox 1636 1060 1759 1115; x_wconf 85' lang='lat' dir='ltr'>Titus</span> <span class='ocrx_word' id='word_1_69' title='bbox 1768 1062 1882 1112; x_wconf 85' lang='lat' dir='ltr'>Mel-</span> 
     </span>
     <span class='ocr_line' id='line_1_13' title="bbox 185 1124 1734 1192; baseline 0.007 -21"><span class='ocrx_word' id='word_1_70' title='bbox 185 1125 289 1172; x_wconf 82' lang='lat' dir='ltr'>licus</span> <span class='ocrx_word' id='word_1_71' title='bbox 301 1124 455 1192; x_wconf 89' lang='lat' dir='ltr'>scripfit</span> <span class='ocrx_word' id='word_1_72' title='bbox 465 1127 700 1192; x_wconf 85' lang='lat' dir='ltr'>appprobo</span> <span class='ocrx_word' id='word_1_73' title='bbox 712 1164 723 1175; x_wconf 93' lang='lat'>.</span> <span class='ocrx_word' id='word_1_74' title='bbox 1724 1131 1734 1162; x_wconf 66' lang='lat'>3³</span> 
     </span>
     <span class='ocr_line' id='line_1_14' title="bbox 187 1192 1245 1259; baseline -0.001 -17"><span class='ocrx_word' id='word_1_75' title='bbox 187 1197 286 1259; x_wconf 80' lang='lat' dir='ltr'>Ego</span> <span class='ocrx_word' id='word_1_76' title='bbox 297 1199 509 1243; x_wconf 84' lang='lat' dir='ltr'>Mecenas</span> <span class='ocrx_word' id='word_1_77' title='bbox 519 1199 715 1245; x_wconf 86' lang='lat' dir='ltr'>Cecinna</span> <span class='ocrx_word' id='word_1_78' title='bbox 730 1192 1010 1243; x_wconf 85' lang='lat' dir='ltr'>Dorchethes</span> <span class='ocrx_word' id='word_1_79' title='bbox 1021 1194 1245 1257; x_wconf 86' lang='lat' dir='ltr'>approbo.</span> 
     </span>
    </p>

    <p class='ocr_par' dir='ltr' id='par_1_12' title="bbox 187 1261 1376 1330">
     <span class='ocr_line' id='line_1_15' title="bbox 187 1261 1376 1330; baseline 0.003 -18"><span class='ocrx_word' id='word_1_80' title='bbox 187 1267 286 1328; x_wconf 83' lang='lat' dir='ltr'>Ego</span> <span class='ocrx_word' id='word_1_81' title='bbox 299 1266 485 1327; x_wconf 46' lang='lat' dir='ltr'>Quintus</span> <span class='ocrx_word' id='word_1_82' title='bbox 497 1265 706 1313; x_wconf 89' lang='lat' dir='ltr'>Accidius</span> <span class='ocrx_word' id='word_1_83' title='bbox 716 1265 862 1312; x_wconf 80' lang='lat' dir='ltr'>Patriti</span> <span class='ocrx_word' id='word_1_84' title='bbox 869 1278 915 1308; x_wconf 92' lang='lat' dir='ltr'>us</span> <span class='ocrx_word' id='word_1_85' title='bbox 923 1261 1127 1311; x_wconf 84' lang='lat' dir='ltr'>Lunensis</span> <span class='ocrx_word' id='word_1_86' title='bbox 1140 1263 1343 1330; x_wconf 82' lang='lat' dir='ltr'>approbo</span> <span class='ocrx_word' id='word_1_87' title='bbox 1359 1284 1376 1314; x_wconf 72' lang='grc'>.’</span> 
     </span>
    </p>

    <p class='ocr_par' dir='ltr' id='par_1_13' title="bbox 116 1329 1885 1474">
     <span class='ocr_line' id='line_1_16' title="bbox 116 1329 1469 1398; baseline -0.003 -18"><span class='ocrx_word' id='word_1_88' title='bbox 116 1334 120 1339; x_wconf 84' lang='grc'><strong>’</strong></span> <span class='ocrx_word' id='word_1_89' title='bbox 186 1336 286 1398; x_wconf 84' lang='lat' dir='ltr'>Ego</span> <span class='ocrx_word' id='word_1_90' title='bbox 297 1337 472 1381; x_wconf 85' lang='lat' dir='ltr'>Marcus</span> <span class='ocrx_word' id='word_1_91' title='bbox 485 1335 672 1382; x_wconf 84' lang='lat' dir='ltr'>Cronius</span> <span class='ocrx_word' id='word_1_92' title='bbox 684 1329 923 1398; x_wconf 85' lang='lat' dir='ltr'>Capuenfis</span> <span class='ocrx_word' id='word_1_93' title='bbox 933 1365 943 1374; x_wconf 87' lang='lat'><strong>.</strong></span> <span class='ocrx_word' id='word_1_94' title='bbox 1464 1355 1469 1361; x_wconf 57' lang='grc'><strong><em>&gt;</em></strong></span> 
     </span>
     <span class='ocr_line' id='line_1_17' title="bbox 186 1398 1885 1474; baseline 0.004 -26"><span class='ocrx_word' id='word_1_95' title='bbox 186 1404 286 1466; x_wconf 83' lang='lat' dir='ltr'>Ego</span> <span class='ocrx_word' id='word_1_96' title='bbox 297 1401 446 1451; x_wconf 85' lang='lat' dir='ltr'>Tatius</span> <span class='ocrx_word' id='word_1_97' title='bbox 461 1400 614 1451; x_wconf 87' lang='lat' dir='ltr'>Dufius</span> <span class='ocrx_word' id='word_1_98' title='bbox 627 1398 924 1451; x_wconf 80' lang='lat' dir='ltr'>Obricolenfis</span> <span class='ocrx_word' id='word_1_99' title='bbox 934 1398 1168 1449; x_wconf 67' lang='lat' dir='ltr'>Praefeetus</span> <span class='ocrx_word' id='word_1_100' title='bbox 1184 1399 1334 1453; x_wconf 88' lang='lat' dir='ltr'>Titum</span> <span class='ocrx_word' id='word_1_101' title='bbox 1351 1403 1581 1465; x_wconf 83' lang='lat' dir='ltr'>Mellicum</span> <span class='ocrx_word' id='word_1_102' title='bbox 1599 1404 1885 1474; x_wconf 81' lang='lat' dir='ltr'>Tarquinien-</span> 
     </span>
    </p>

    <p class='ocr_par' dir='ltr' id='par_1_14' title="bbox 119 1466 1026 1545">
     <span class='ocr_line' id='line_1_18' title="bbox 119 1466 1026 1545; baseline -0.004 -22"><span class='ocrx_word' id='word_1_103' title='bbox 119 1466 207 1517; x_wconf 75' lang='lat' dir='ltr'>sem</span> <span class='ocrx_word' id='word_1_104' title='bbox 219 1471 470 1538; x_wconf 54' lang='lat' dir='ltr'>Magistrum</span> <span class='ocrx_word' id='word_1_105' title='bbox 483 1467 1004 1545; x_wconf 80' lang='lat' dir='ltr'>approbatum&#39;confirmo</span> <span class='ocrx_word' id='word_1_106' title='bbox 1016 1503 1026 1514; x_wconf 86' lang='lat'><strong>·</strong></span> 
     </span>
    </p>
   </div>
   <div class='ocr_carea' id='block_1_4' title="bbox 862 1583 1068 1826">
    <p class='ocr_par' dir='ltr' id='par_1_15' title="bbox 862 1583 1068 1826">
     <span class='ocr_line' id='line_1_19' title="bbox 862 1583 1068 1826; baseline 0.01 -1"><span class='ocrx_word' id='word_1_107' title='bbox 862 1583 1068 1826; x_wconf 64' lang='lat' dir='ltr'>ffi</span> 
     </span>
    </p>
   </div>
   <div class='ocr_carea' id='block_1_5' title="bbox 121 1860 1889 1995">
    <p class='ocr_par' dir='ltr' id='par_1_16' title="bbox 121 1860 1889 1995">
     <span class='ocr_line' id='line_1_20' title="bbox 188 1860 1889 1935; baseline 0.002 -29"><span class='ocrx_word' id='word_1_108' title='bbox 188 1862 287 1924; x_wconf 83' lang='lat' dir='ltr'>Ego</span> <span class='ocrx_word' id='word_1_109' title='bbox 306 1860 435 1908; x_wconf 84' lang='lat' dir='ltr'>Caius</span> <span class='ocrx_word' id='word_1_110' title='bbox 463 1862 648 1909; x_wconf 87' lang='lat' dir='ltr'>Arucius</span> <span class='ocrx_word' id='word_1_111' title='bbox 675 1862 1023 1924; x_wconf 78' lang='lat' dir='ltr'>Tusculanensis,</span> <span class='ocrx_word' id='word_1_112' title='bbox 1044 1873 1271 1935; x_wconf 83' lang='lat' dir='ltr'>Augurum</span> <span class='ocrx_word' id='word_1_113' title='bbox 1289 1864 1439 1917; x_wconf 80' lang='lat' dir='ltr'>Scriba</span> <span class='ocrx_word' id='word_1_114' title='bbox 1455 1864 1719 1916; x_wconf 83' lang='lat' dir='ltr'>Vulterrano</span> <span class='ocrx_word' id='word_1_115' title='bbox 1755 1865 1889 1910; x_wconf 87' lang='lat' dir='ltr'>Anno</span> 
     </span>
     <span class='ocr_line' id='line_1_21' title="bbox 121 1928 1206 1995; baseline 0.004 -18"><span class='ocrx_word' id='word_1_116' title='bbox 121 1928 423 1992; x_wconf 54' lang='lat' dir='ltr'>cinciaioctxj.</span> <span class='ocrx_word' id='word_1_117' title='bbox 438 1929 602 1995; x_wconf 73' lang='lat' dir='ltr'>scripsi.</span> <span class='ocrx_word' id='word_1_118' title='bbox 1204 1960 1206 1962; x_wconf 56' lang='lat'>&gt;</span> 
     </span>
    </p>
   </div>
   <div class='ocr_carea' id='block_1_6' title="bbox 305 419 538 425">
    <p class='ocr_par' dir='ltr' id='par_1_17' title="bbox 305 419 538 425">
     <span class='ocr_line' id='line_1_22' title="bbox 305 419 538 425; baseline 0 0"><span class='ocrx_word' id='word_1_119' title='bbox 305 419 538 425; x_wconf 95' lang='lat' dir='ltr'> </span> 
     </span>
    </p>
   </div>
   <div class='ocr_carea' id='block_1_7' title="bbox 369 423 1859 446">
    <p class='ocr_par' dir='ltr' id='par_1_18' title="bbox 369 423 1859 446">
     <span class='ocr_line' id='line_1_23' title="bbox 369 423 1859 446; baseline 0 3134"><span class='ocrx_word' id='word_1_120' title='bbox 369 423 1859 446; x_wconf 95' lang='lat' dir='ltr'> </span> 
     </span>
    </p>
   </div>
   <div class='ocr_carea' id='block_1_8' title="bbox 1873 416 1908 3139">
    <p class='ocr_par' dir='ltr' id='par_1_19' title="bbox 1873 416 1908 3139">
     <span class='ocr_line' id='line_1_24' title="bbox 1873 416 1908 1990; baseline 0 -988"><span class='ocrx_word' id='word_1_121' title='bbox 1873 416 1908 1990; x_wconf 95' lang='lat' dir='ltr'>      </span> 
     </span>
     <span class='ocr_line' id='line_1_25' title="bbox 1891 1990 1907 3139; baseline 0 -765"><span class='ocrx_word' id='word_1_122' title='bbox 1891 1990 1907 3139; x_wconf 95' lang='lat' dir='ltr'>    </span> 
     </span>
    </p>
   </div>
   <div class='ocr_carea' id='block_1_9' title="bbox 121 2065 1894 3105">
    <p class='ocr_par' dir='ltr' id='par_1_20' title="bbox 121 2065 1894 3105">
     <span class='ocr_line' id='line_1_26' title="bbox 229 2065 1890 2143; baseline 0.001 -29"><span class='ocrx_word' id='word_1_123' title='bbox 229 2065 365 2114; x_wconf 85' lang='lat' dir='ltr'>Erfius</span> <span class='ocrx_word' id='word_1_124' title='bbox 376 2067 553 2116; x_wconf 79' lang='lat' dir='ltr'>Flaccus</span> <span class='ocrx_word' id='word_1_125' title='bbox 563 2085 662 2116; x_wconf 90' lang='lat' dir='ltr'>curn</span> <span class='ocrx_word' id='word_1_126' title='bbox 672 2068 720 2117; x_wconf 89' lang='lat' dir='ltr'>fit</span> <span class='ocrx_word' id='word_1_127' title='bbox 730 2069 786 2119; x_wconf 88' lang='lat' dir='ltr'>ab</span> <span class='ocrx_word' id='word_1_128' title='bbox 797 2073 991 2124; x_wconf 87' lang='lat' dir='ltr'>vniuerso</span> <span class='ocrx_word' id='word_1_129' title='bbox 1000 2081 1230 2143; x_wconf 84' lang='lat' dir='ltr'>Augurum</span> <span class='ocrx_word' id='word_1_130' title='bbox 1240 2072 1447 2139; x_wconf 84' lang='lat' dir='ltr'>Collegio</span> <span class='ocrx_word' id='word_1_131' title='bbox 1458 2073 1501 2119; x_wconf 88' lang='lat' dir='ltr'>in</span> <span class='ocrx_word' id='word_1_132' title='bbox 1511 2068 1756 2129; x_wconf 68' lang='lat' dir='ltr'>locum[Titi</span> <span class='ocrx_word' id='word_1_133' title='bbox 1767 2068 1890 2116; x_wconf 79' lang='lat' dir='ltr'>&#39;Mel-</span> 
     </span>
     <span class='ocr_line' id='line_1_27' title="bbox 128 2135 1889 2208; baseline 0.003 -28"><span class='ocrx_word' id='word_1_134' title='bbox 128 2169 132 2175; x_wconf 26' lang='grc' dir='ltr'><strong>ί</strong></span> <span class='ocrx_word' id='word_1_135' title='bbox 252 2136 322 2182; x_wconf 89' lang='lat' dir='ltr'>lici</span> <span class='ocrx_word' id='word_1_136' title='bbox 333 2135 613 2200; x_wconf 71' lang='lat' dir='ltr'>praedefiinffl</span> <span class='ocrx_word' id='word_1_137' title='bbox 621 2137 946 2206; x_wconf 55' lang='lat' dir='ltr'>subrogatuswt,</span> <span class='ocrx_word' id='word_1_138' title='bbox 959 2162 1015 2192; x_wconf 85' lang='lat' dir='ltr'>an</span> <span class='ocrx_word' id='word_1_139' title='bbox 1024 2143 1345 2194; x_wconf 82' lang='lat' dir='ltr'>confirmandus</span> <span class='ocrx_word' id='word_1_140' title='bbox 1355 2145 1402 2191; x_wconf 83' lang='lat' dir='ltr'>fit</span> <span class='ocrx_word' id='word_1_141' title='bbox 1409 2176 1424 2201; x_wconf 88' lang='lat'><em>,</em></span> <span class='ocrx_word' id='word_1_142' title='bbox 1433 2141 1630 2208; x_wconf 85' lang='lat' dir='ltr'>probetis</span> <span class='ocrx_word' id='word_1_143' title='bbox 1639 2138 1694 2189; x_wconf 87' lang='lat' dir='ltr'>ad</span> <span class='ocrx_word' id='word_1_144' title='bbox 1702 2135 1889 2207; x_wconf 74' lang='lat' dir='ltr'>praescri-</span> 
     </span>
     <span class='ocr_line' id='line_1_28' title="bbox 121 2205 1881 2281; baseline 0.012 -30"><span class='ocrx_word' id='word_1_145' title='bbox 121 2221 247 2273; x_wconf 85' lang='lat' dir='ltr'>ptum</span> <span class='ocrx_word' id='word_1_146' title='bbox 260 2206 386 2270; x_wconf 78' lang='lat' dir='ltr'>Legis</span> <span class='ocrx_word' id='word_1_147' title='bbox 399 2239 412 2257; x_wconf 82' lang='lat'><em>,</em></span> <span class='ocrx_word' id='word_1_148' title='bbox 425 2205 514 2253; x_wconf 82' lang='lat' dir='ltr'>haec</span> <span class='ocrx_word' id='word_1_149' title='bbox 531 2207 653 2254; x_wconf 86' lang='lat' dir='ltr'>vobis</span> <span class='ocrx_word' id='word_1_150' title='bbox 668 2211 951 2261; x_wconf 84' lang='lat' dir='ltr'>Dorchethcs</span> <span class='ocrx_word' id='word_1_151' title='bbox 962 2217 1171 2281; x_wconf 86' lang='lat' dir='ltr'>proponit</span> <span class='ocrx_word' id='word_1_152' title='bbox 1181 2252 1193 2265; x_wconf 89' lang='lat'>.</span> <span class='ocrx_word' id='word_1_153' title='bbox 1877 2226 1881 2231; x_wconf 80' lang='grc'><em>’</em></span> 
     </span>
     <span class='ocr_line' id='line_1_29' title="bbox 126 2273 872 2333; baseline 0.011 -13"><span class='ocrx_word' id='word_1_154' title='bbox 126 2304 128 2306; x_wconf 96' lang='grc'>-</span> <span class='ocrx_word' id='word_1_155' title='bbox 150 2303 152 2306; x_wconf 60' lang='lat'>&gt;</span> <span class='ocrx_word' id='word_1_156' title='bbox 188 2274 330 2321; x_wconf 85' lang='lat' dir='ltr'>Patria</span> <span class='ocrx_word' id='word_1_157' title='bbox 343 2274 400 2320; x_wconf 91' lang='lat' dir='ltr'>nil</span> <span class='ocrx_word' id='word_1_158' title='bbox 412 2273 573 2323; x_wconf 80' lang='lat' dir='ltr'>dulcius</span> <span class='ocrx_word' id='word_1_159' title='bbox 583 2310 597 2333; x_wconf 80' lang='lat'>,</span> <span class='ocrx_word' id='word_1_160' title='bbox 609 2277 666 2323; x_wconf 92' lang='lat' dir='ltr'>nil</span> <span class='ocrx_word' id='word_1_161' title='bbox 680 2278 847 2327; x_wconf 84' lang='lat' dir='ltr'>charius</span> <span class='ocrx_word' id='word_1_162' title='bbox 860 2317 872 2328; x_wconf 89' lang='lat'><strong>.</strong></span> 
     </span>
     <span class='ocr_line' id='line_1_30' title="bbox 189 2344 1115 2417; baseline 0.009 -26"><span class='ocrx_word' id='word_1_163' title='bbox 189 2347 274 2391; x_wconf 90' lang='lat' dir='ltr'>Pro</span> <span class='ocrx_word' id='word_1_164' title='bbox 286 2344 425 2390; x_wconf 76' lang='lat' dir='ltr'>Patria</span> <span class='ocrx_word' id='word_1_165' title='bbox 443 2344 602 2392; x_wconf 88' lang='lat' dir='ltr'>nullum</span> <span class='ocrx_word' id='word_1_166' title='bbox 612 2347 945 2398; x_wconf 86' lang='lat' dir='ltr'>incommodum</span> <span class='ocrx_word' id='word_1_167' title='bbox 957 2369 1088 2417; x_wconf 83' lang='lat' dir='ltr'>graue</span> <span class='ocrx_word' id='word_1_168' title='bbox 1103 2387 1115 2399; x_wconf 90' lang='lat'><strong>.</strong></span> 
     </span>
     <span class='ocr_line' id='line_1_31' title="bbox 189 2411 1894 2486; baseline 0.006 -30"><span class='ocrx_word' id='word_1_169' title='bbox 189 2413 277 2476; x_wconf 79' lang='lat' dir='ltr'>Q</span> <span class='ocrx_word' id='word_1_170' title='bbox 290 2426 442 2460; x_wconf 79' lang='lat' dir='ltr'>contra</span> <span class='ocrx_word' id='word_1_171' title='bbox 453 2414 612 2462; x_wconf 86' lang='lat' dir='ltr'>Ciuem</span> <span class='ocrx_word' id='word_1_172' title='bbox 623 2432 741 2464; x_wconf 79' lang='lat' dir='ltr'>arma</span> <span class='ocrx_word' id='word_1_173' title='bbox 752 2416 898 2478; x_wconf 84' lang='lat' dir='ltr'>sumit,</span> <span class='ocrx_word' id='word_1_174' title='bbox 909 2422 1121 2486; x_wconf 83' lang='lat' dir='ltr'>ingratus,</span> <span class='ocrx_word' id='word_1_175' title='bbox 1145 2416 1368 2470; x_wconf 88' lang='lat' dir='ltr'>&amp;iniustus</span> <span class='ocrx_word' id='word_1_176' title='bbox 1382 2413 1442 2466; x_wconf 85' lang='lat' dir='ltr'>est</span> <span class='ocrx_word' id='word_1_177' title='bbox 1451 2433 1466 2473; x_wconf 85' lang='lat'>3</span> <span class='ocrx_word' id='word_1_178' title='bbox 1487 2411 1591 2464; x_wconf 71' lang='lat' dir='ltr'>ideo</span> <span class='ocrx_word' id='word_1_179' title='bbox 1612 2413 1637 2464; x_wconf 82' lang='grc' dir='ltr'>ὲ</span> <span class='ocrx_word' id='word_1_180' title='bbox 1657 2414 1800 2464; x_wconf 83' lang='lat' dir='ltr'>Patria</span> <span class='ocrx_word' id='word_1_181' title='bbox 1819 2429 1894 2466; x_wconf 61' lang='lat' dir='ltr'>exs-</span> 
     </span>
     <span class='ocr_line' id='line_1_32' title="bbox 123 2480 376 2547; baseline -0.012 -18"><span class='ocrx_word' id='word_1_182' title='bbox 123 2480 354 2547; x_wconf 85' lang='lat' dir='ltr'>pellendus</span> <span class='ocrx_word' id='word_1_183' title='bbox 365 2516 376 2526; x_wconf 90' lang='lat'><strong>.</strong></span> 
     </span>
     <span class='ocr_line' id='line_1_33' title="bbox 190 2550 1034 2607; baseline 0.013 -11"><span class='ocrx_word' id='word_1_184' title='bbox 190 2550 441 2598; x_wconf 85' lang='lat' dir='ltr'>Proditores</span> <span class='ocrx_word' id='word_1_185' title='bbox 454 2553 582 2598; x_wconf 88' lang='lat' dir='ltr'>etiam</span> <span class='ocrx_word' id='word_1_186' title='bbox 595 2551 784 2601; x_wconf 81' lang='lat' dir='ltr'>hostibus</span> <span class='ocrx_word' id='word_1_187' title='bbox 797 2557 907 2607; x_wconf 84' lang='lat' dir='ltr'>exosi</span> <span class='ocrx_word' id='word_1_188' title='bbox 922 2556 1012 2606; x_wconf 87' lang='lat' dir='ltr'>sunt</span> <span class='ocrx_word' id='word_1_189' title='bbox 1022 2594 1034 2605; x_wconf 87' lang='lat'><strong>.</strong></span> 
     </span>
     <span class='ocr_line' id='line_1_34' title="bbox 192 2616 1565 2693; baseline 0.009 -29"><span class='ocrx_word' id='word_1_190' title='bbox 192 2620 316 2665; x_wconf 86' lang='lat' dir='ltr'>Praui</span> <span class='ocrx_word' id='word_1_191' title='bbox 331 2616 481 2667; x_wconf 77' lang='lat' dir='ltr'>mores</span> <span class='ocrx_word' id='word_1_192' title='bbox 491 2634 580 2667; x_wconf 88' lang='lat' dir='ltr'>non</span> <span class='ocrx_word' id='word_1_193' title='bbox 590 2621 782 2688; x_wconf 79' lang='lat' dir='ltr'>castigati</span> <span class='ocrx_word' id='word_1_194' title='bbox 793 2623 961 2691; x_wconf 82' lang='lat' dir='ltr'>semper</span> <span class='ocrx_word' id='word_1_195' title='bbox 973 2630 1147 2693; x_wconf 89' lang='lat' dir='ltr'>peiores</span> <span class='ocrx_word' id='word_1_196' title='bbox 1159 2626 1286 2674; x_wconf 86' lang='lat' dir='ltr'>fiunt.</span> <span class='ocrx_word' id='word_1_197' title='bbox 1563 2665 1565 2667; x_wconf 62' lang='grc'><em>»</em></span> 
     </span>
     <span class='ocr_line' id='line_1_35' title="bbox 195 2687 1652 2762; baseline 0.003 -30"><span class='ocrx_word' id='word_1_198' title='bbox 195 2689 419 2735; x_wconf 83' lang='lat' dir='ltr'>Damnum</span> <span class='ocrx_word' id='word_1_199' title='bbox 432 2687 664 2755; x_wconf 87' lang='lat' dir='ltr'>aliquando</span> <span class='ocrx_word' id='word_1_200' title='bbox 676 2694 903 2741; x_wconf 78' lang='lat' dir='ltr'>Vtilitatem</span> <span class='ocrx_word' id='word_1_201' title='bbox 915 2700 1050 2762; x_wconf 82' lang='lat' dir='ltr'>parit3</span> <span class='ocrx_word' id='word_1_202' title='bbox 1064 2715 1162 2744; x_wconf 88' lang='lat' dir='ltr'>nam</span> <span class='ocrx_word' id='word_1_203' title='bbox 1168 2693 1476 2762; x_wconf 78' lang='lat' dir='ltr'>prudentiores</span> <span class='ocrx_word' id='word_1_204' title='bbox 1487 2687 1630 2738; x_wconf 87' lang='lat' dir='ltr'>reddit</span> <span class='ocrx_word' id='word_1_205' title='bbox 1639 2722 1652 2736; x_wconf 86' lang='lat'><strong>.</strong></span> 
     </span>
     <span class='ocr_line' id='line_1_36' title="bbox 197 2755 1539 2831; baseline 0.01 -31"><span class='ocrx_word' id='word_1_206' title='bbox 197 2758 319 2801; x_wconf 84' lang='lat' dir='ltr'>Bona</span> <span class='ocrx_word' id='word_1_207' title='bbox 331 2755 442 2804; x_wconf 79' lang='lat' dir='ltr'>fama</span> <span class='ocrx_word' id='word_1_208' title='bbox 454 2758 688 2825; x_wconf 83' lang='lat' dir='ltr'>aliquando</span> <span class='ocrx_word' id='word_1_209' title='bbox 700 2778 788 2809; x_wconf 89' lang='lat' dir='ltr'>non</span> <span class='ocrx_word' id='word_1_210' title='bbox 800 2765 936 2812; x_wconf 86' lang='lat' dir='ltr'>minus</span> <span class='ocrx_word' id='word_1_211' title='bbox 949 2764 1226 2831; x_wconf 83' lang='lat' dir='ltr'>perniciosior</span> <span class='ocrx_word' id='word_1_212' title='bbox 1236 2798 1248 2822; x_wconf 84' lang='lat'>,</span> <span class='ocrx_word' id='word_1_213' title='bbox 1262 2778 1392 2830; x_wconf 84' lang='lat' dir='ltr'>quam</span> <span class='ocrx_word' id='word_1_214' title='bbox 1405 2759 1515 2808; x_wconf 77' lang='lat' dir='ltr'>mala</span> <span class='ocrx_word' id='word_1_215' title='bbox 1526 2794 1539 2808; x_wconf 70' lang='grc' dir='ltr'><strong>ο</strong></span> 
     </span>
     <span class='ocr_line' id='line_1_37' title="bbox 198 2823 1464 2884; baseline 0.006 -15"><span class='ocrx_word' id='word_1_216' title='bbox 198 2823 371 2871; x_wconf 85' lang='lat' dir='ltr'>Inuidus</span> <span class='ocrx_word' id='word_1_217' title='bbox 383 2841 470 2872; x_wconf 89' lang='lat' dir='ltr'>non</span> <span class='ocrx_word' id='word_1_218' title='bbox 479 2827 601 2874; x_wconf 80' lang='lat' dir='ltr'>loedit</span> <span class='ocrx_word' id='word_1_219' title='bbox 613 2847 625 2884; x_wconf 85' lang='lat'>3</span> <span class='ocrx_word' id='word_1_220' title='bbox 637 2844 825 2879; x_wconf 81' lang='lat' dir='ltr'>attamen</span> <span class='ocrx_word' id='word_1_221' title='bbox 839 2834 1046 2882; x_wconf 86' lang='lat' dir='ltr'>inuidiam</span> <span class='ocrx_word' id='word_1_222' title='bbox 1059 2837 1192 2882; x_wconf 83' lang='lat' dir='ltr'>vitare</span> <span class='ocrx_word' id='word_1_223' title='bbox 1204 2833 1369 2880; x_wconf 87' lang='lat' dir='ltr'>bonum</span> <span class='ocrx_word' id='word_1_224' title='bbox 1379 2828 1441 2877; x_wconf 89' lang='lat' dir='ltr'>est</span> <span class='ocrx_word' id='word_1_225' title='bbox 1452 2864 1464 2876; x_wconf 92' lang='lat'>.</span> 
     </span>
     <span class='ocr_line' id='line_1_38' title="bbox 193 2890 1388 2970; baseline 0.007 -31"><span class='ocrx_word' id='word_1_226' title='bbox 193 2890 294 2940; x_wconf 88' lang='lat' dir='ltr'>Post</span> <span class='ocrx_word' id='word_1_227' title='bbox 304 2893 550 2958; x_wconf 84' lang='lat' dir='ltr'>voluptates</span> <span class='ocrx_word' id='word_1_228' title='bbox 560 2897 858 2948; x_wconf 87' lang='lat' dir='ltr'>tribulationes</span> <span class='ocrx_word' id='word_1_229' title='bbox 869 2936 881 2959; x_wconf 86' lang='lat'>‚</span> <span class='ocrx_word' id='word_1_230' title='bbox 894 2909 937 2950; x_wconf 84' lang='lat'>&amp;</span> <span class='ocrx_word' id='word_1_231' title='bbox 950 2902 1125 2952; x_wconf 87' lang='lat' dir='ltr'>dolores</span> <span class='ocrx_word' id='word_1_232' title='bbox 1136 2901 1365 2970; x_wconf 88' lang='lat' dir='ltr'>sequuntur</span> <span class='ocrx_word' id='word_1_233' title='bbox 1376 2934 1388 2946; x_wconf 92' lang='lat'><strong>.</strong></span> 
     </span>
     <span class='ocr_line' id='line_1_39' title="bbox 194 2958 1022 3035; baseline 0.012 -26"><span class='ocrx_word' id='word_1_234' title='bbox 194 2962 286 3009; x_wconf 88' lang='lat' dir='ltr'>Suis</span> <span class='ocrx_word' id='word_1_235' title='bbox 299 2958 475 3010; x_wconf 88' lang='lat' dir='ltr'>fimilem</span> <span class='ocrx_word' id='word_1_236' title='bbox 487 2965 682 3016; x_wconf 88' lang='lat' dir='ltr'>moribus</span> <span class='ocrx_word' id='word_1_237' title='bbox 693 2969 870 3035; x_wconf 86' lang='lat' dir='ltr'>quisque</span> <span class='ocrx_word' id='word_1_238' title='bbox 882 2986 999 3019; x_wconf 82' lang='lat' dir='ltr'>amat</span> <span class='ocrx_word' id='word_1_239' title='bbox 1011 3008 1022 3018; x_wconf 93' lang='lat'>.</span> 
     </span>
     <span class='ocr_line' id='line_1_40' title="bbox 150 3030 1888 3105; baseline 0.009 -30"><span class='ocrx_word' id='word_1_240' title='bbox 150 3067 155 3085; x_wconf 70' lang='lat'>÷</span> <span class='ocrx_word' id='word_1_241' title='bbox 167 3047 170 3050; x_wconf 64' lang='grc'>’</span> <span class='ocrx_word' id='word_1_242' title='bbox 192 3033 296 3097; x_wconf 51' lang='lat' dir='ltr'>¹Ego</span> <span class='ocrx_word' id='word_1_243' title='bbox 306 3034 483 3080; x_wconf 79' lang='lat' dir='ltr'>Marcus</span> <span class='ocrx_word' id='word_1_244' title='bbox 493 3037 726 3085; x_wconf 74' lang='lat' dir='ltr'>Marcellus</span> <span class='ocrx_word' id='word_1_245' title='bbox 736 3041 962 3088; x_wconf 81' lang='lat' dir='ltr'>Romanus</span> <span class='ocrx_word' id='word_1_246' title='bbox 974 3042 1018 3088; x_wconf 86' lang='lat' dir='ltr'>in</span> <span class='ocrx_word' id='word_1_247' title='bbox 1027 3040 1286 3088; x_wconf 83' lang='lat' dir='ltr'>Vulterrano</span> <span class='ocrx_word' id='word_1_248' title='bbox 1298 3053 1507 3102; x_wconf 75' lang='lat' dir='ltr'>Augurum</span> <span class='ocrx_word' id='word_1_249' title='bbox 1520 3034 1723 3097; x_wconf 66' lang='lat' dir='ltr'>Collegit-³</span> <span class='ocrx_word' id='word_1_250' title='bbox 1736 3030 1888 3105; x_wconf 65' lang='lat' dir='ltr'>socius,</span> 
     </span>
    </p>
   </div>
   <div class='ocr_carea' id='block_1_10' title="bbox 202 3145 2104 3198">
    <p class='ocr_par' dir='ltr' id='par_1_21' title="bbox 202 3145 2104 3198">
     <span class='ocr_line' id='line_1_41' title="bbox 202 3145 2104 3198; baseline 0.008 -37"><span class='ocrx_word' id='word_1_251' title='bbox 202 3159 207 3161; x_wconf 70' lang='grc'><strong>,</strong></span> <span class='ocrx_word' id='word_1_252' title='bbox 1722 3145 1820 3193; x_wconf 46' lang='grc' dir='ltr'>(ὶιῙὲῈ</span> <span class='ocrx_word' id='word_1_253' title='bbox 2097 3195 2104 3198; x_wconf 89' lang='lat'><em>.</em></span> 
     </span>
    </p>
   </div>
   <div class='ocr_carea' id='block_1_11' title="bbox 0 394 21 3580">
    <p class='ocr_par' dir='ltr' id='par_1_22' title="bbox 0 394 21 3580">
     <span class='ocr_line' id='line_1_42' title="bbox 0 394 21 3580; baseline 0 0"><span class='ocrx_word' id='word_1_254' title='bbox 0 394 21 3580; x_wconf 95' lang='lat' dir='ltr'> </span> 
     </span>
    </p>
   </div>
  </div>
 </body>
</html>
