2406 3580
111 281 837 292 man—Q*

807 295 1005 374 Liber
1042 300 1316 378 Tertius
1773 341 1875 405 215

191 417 464 474 Ciuitates,&
476 417 655 483 Oppida
665 452 678 476 ,
689 435 784 482 quae
795 418 920 466 nobis
932 420 1088 466 nullam
1098 423 1318 471 vtilitatem
1329 460 1341 482 ,
1355 443 1437 475 nec
1448 430 1629 477 inimicis
1641 420 1875 481 detrimen-

122 499 213 532 tum
224 484 408 533 afferunt
418 520 431 543 ,
447 485 683 544 destruere,
694 503 764 534 aut
775 486 1008 545 deuastare,
1019 489 1295 539 inhumanum
1305 528 1317 550 ,
1330 500 1374 541 &
1386 495 1555 545 stultum
1567 499 1629 547 est
1643 535 1654 546 .

191 554 477 612 Adulatores,
495 551 579 603 siue
591 555 810 603 bonorum
830 557 1160 606 calumniatores
1173 558 1197 606 a
1217 561 1435 627 Regibus,
1457 572 1502 614 &
1527 569 1617 632 alijs
1637 570 1711 635 qui
1732 586 1875 635 popu-

122 623 189 670 los
208 639 383 689 regunt,
403 623 496 672 sunt
517 625 669 691 procul
690 624 892 686 eijciendi
906 659 917 670 .

192 695 342 739 Duces
362 695 405 739 in
427 696 580 758 proelio
600 691 817 740 discordes
845 695 996 740 Patriae
1016 694 1262 758 proditores
1284 701 1553 764 appellandi.

190 759 315 807 Fides
335 761 457 808 Plebi
477 762 635 809 nonest
658 759 880 816 babenda3
901 778 984 809 nec
1006 780 1055 810 ex
1074 765 1207 812 Plebe
1229 770 1377 815 Duces
1396 772 1571 820 creandi
1582 791 1596 829 3
1618 791 1717 822 nam
1727 775 1878 822 incon-

122 827 236 876 stans
257 827 339 886 est,
360 835 403 877 δε
423 829 615 896 superbit
635 830 826 894 semper.

188 896 403 956 Nobiles,
427 905 471 947 δε
493 901 746 965 Optimates
758 898 1030 956 muneribus,
1052 917 1140 947 non
1154 903 1299 961 minis,
1318 910 1542 973 autpoenis
1552 912 1719 961 animos
1735 912 1879 961 Plebis

120 963 290 1014 debent
311 969 500 1015 mulcere
518 1003 527 1012 .

189 1035 347 1081 Iniusta
366 1036 479 1084 bella
499 1035 748 1084 detestanda
760 1045 887 1087 snam
899 1035 1034 1083 tristes
1054 1038 1186 1085 exitus
1205 1038 1390 1090 habent.

188 1106 276 1168 Qi
305 1104 550 1162 ambitiosa,
576 1112 621 1153 ὃ(
649 1105 800 1152 iniusta
821 1104 935 1152 bella
954 1103 1205 1169 suscipiunt,
1236 1113 1429 1159 omnium
1451 1112 1526 1160 fibi
1546 1114 1717 1174 odium,
1737 1122 1783 1164 &
1802 1115 1879 1164 suae

117 1174 293 1220 Ciuitati
312 1177 554 1238 perniciem
581 1189 755 1239 parant.

186 1242 293 1288 Belli
316 1246 414 1290 Dux
433 1260 522 1290 non
542 1241 568 1291 a
586 1247 738 1309 Rege,
759 1239 867 1290 aura
888 1239 1139 1306 Magistratu
1160 1242 1221 1289 est
1239 1247 1485 1311 eligendus,
1506 1250 1577 1299 sed
1599 1250 1624 1299 a
1644 1251 1880 1301 Militibus.

115 1313 164 1357 O
194 1328 325 1375 quam
347 1310 462 1360 bene
480 1327 678 1378 pugnant
694 1312 858 1358 Milites
878 1309 950 1357 sub
969 1326 1026 1356 eo
1047 1314 1198 1367 Duce,
1220 1332 1348 1379 quem
1369 1331 1534 1366 amant!

182 1382 295 1427 Non
318 1383 478 1446 Regis,
507 1398 597 1430 non
615 1383 790 1428 Patrum
808 1413 822 1437 ,
851 1377 924 1426 sed
944 1381 1066 1426 vnius
1085 1395 1270 1429 annuum
1290 1385 1517 1449 imperium
1539 1391 1777 1455 optimum3
1806 1392 1882 1458 qui

101 1452 497 1514 gproptervirtutes
518 1449 789 1507 confirmari,
811 1463 885 1495 aut
905 1462 1084 1512 propter
1105 1450 1207 1497 vitia
1227 1451 1423 1518 castigari
1444 1454 1590 1520 posfit.

185 1516 296 1564 Iusta
316 1518 434 1567 causa
453 1518 554 1566 belli
575 1518 660 1576 est,
692 1518 795 1565 ficut
817 1515 956 1564 nostra
975 1516 1050 1563 fuit
1071 1533 1172 1564 cum
1205 1522 1416 1570 Romanis
1429 1542 1442 1579 3
1463 1524 1569 1572 idest
1595 1526 1664 1574 vel
1684 1528 1882 1575 iniuriam

101 1585 243 1634 znobis
266 1588 426 1635 illatam
447 1586 748 1655 propulsandi,
771 1587 841 1634 vel
861 1586 1008 1634 amicis
1026 1581 1221 1636 lacesfitis
1242 1590 1439 1640 auxilium
1461 1592 1651 1646 ferendi,

181 1657 477 1720 Superborum
495 1659 724 1723 imperium
746 1654 882 1702 breue
902 1689 915 1712 ,
936 1660 981 1701 δε
1002 1654 1176 1719 fragile.

182 1727 329 1772 Bonus
356 1728 479 1773 Ciuis
500 1744 579 1791 pro
599 1725 897 1773 incolumitate
928 1722 1202 1791 Reipublicae
1231 1725 1467 1778 nonsolum
1489 1726 1629 1790 bona,
1658 1730 1733 1780 sed
1750 1734 1883 1783 vitam

113 1793 248 1840 etiam
266 1792 528 1859 profundere
551 1793 712 1844 debet.

181 1930 469 1999 Suprascripta
492 1937 663 1994 omnia,
686 1934 742 1982 ab
762 1931 954 1982 vniuerso
976 1934 1181 2000 Collegio
1201 1938 1471 2002 approbata,
1492 1954 1794 2008 proponantur
1810 1942 1884 1990 Se-

110 2003 228 2048 natui
255 2019 335 2066 pro
356 2003 660 2053 confirmando
681 2003 874 2051 Custode
896 2004 1020 2050 Arcis
1041 2005 1271 2063 Scornelli,
1292 2025 1373 2072 per
1390 2015 1592 2075 Augures
1613 2011 1755 2058 electo
1770 2044 1783 2056 .

183 2073 282 2134 Ego
296 2073 486 2120 Verusin
498 2074 705 2140 Collegio
719 2074 870 2120 Socius
880 2105 893 2123 ,
905 2071 1028 2137 quod
1040 2069 1099 2119 ita
1113 2073 1339 2123 Praefectus
1350 2075 1461 2126 iussit
1470 2113 1484 2135 ,
1497 2077 1582 2126 hoc
1595 2077 1679 2126 feci
1690 2077 1883 2126 testimo—

143 2138 227 2184 ium
254 2156 334 2204 pro
352 2139 445 2206 ipso
465 2140 679 2209 Prospero
700 2140 907 2190 Fesulano
929 2141 1060 2189 nostri
1080 2142 1271 2209 Collegij
1293 2146 1442 2194 Scriba
1466 2148 1553 2194 Die
1573 2165 1647 2195 1111.
1668 2149 1815 2212 Martij
1836 2149 1882 2196 in

111 2212 340 2272 Augurum
360 2211 567 2277 Collegio
591 2212 851 2259 Vulterrano
865 2245 876 2256 .

69 2283 74 2287 '
181 2277 462 2328 Vulterranus
484 2285 662 2329 Senatus
672 2277 1049 2343 confirmatipsum
1068 2277 1324 2345 Prosperum
1346 2282 1588 2334 Custodem
1609 2287 1734 2333 Arcis
1756 2290 1882 2335 Scor-

110 2345 235 2392 nelli:
260 2349 328 2393 cui
341 2347 456 2395 idem
471 2354 651 2397 Senatus
672 2354 835 2397 Arcem
848 2348 1151 2407 commendat,
1165 2355 1211 2398 &
1232 2351 1455 2413 Castrum,
1476 2356 1708 2406 &mandat
1724 2354 1883 2406 Praefe-

112 2416 185 2461 ἃο
207 2414 372 2469 Castri,
391 2432 434 2463 vt
455 2416 705 2466 solemniter
727 2434 828 2465 eum
849 2418 1051 2482 recipiat.

178 2486 279 2550 Ego
304 2486 564 2535 Volumnius
583 2492 760 2536 Maurus
782 2491 989 2544 Senator,
1011 2491 1056 2534 &
1073 2484 1253 2538 PraeseS.

900 2593 1069 2891 a&

112 2970 485 3085 MEgoinlrogus
506 2975 733 3026 Arretinus
752 2981 1009 3028 Senatorum
1032 2977 1200 3037 Scriba,
1222 2993 1272 3029 vt
1295 2979 1544 3030 mandatum
1555 2979 1617 3029 est
1636 2978 1774 3046 scripsi
1799 2998 1875 3033 xx1.

170 3052 261 3102 arn)
328 3056 353 3086 u
371 3054 517 3087 terrae.

1129 3138 1166 3182 E
1187 3151 1211 3183 e
1251 3136 1289 3198 ij
1647 3137 1716 3184 Sic
1729 3136 1844 3205 ele-⁴
