2406 3580
512 338 541 379 2
557 337 644 398 24
979 304 1285 382 Etbruso
1305 307 1543 412 Antiq.
1562 308 1825 411 Fragm.

572 432 810 496 Imperium
821 429 882 478 est
894 429 1151 479 nobiliffima
1163 431 1341 479 seruitus
1355 467 1364 476 .

572 502 686 550 Sicut
698 501 930 550 humanum
943 517 1100 566 corpus
1112 500 1196 547 fine
1207 502 1350 569 capite
1363 518 1451 548 non
1460 498 1606 567 potest
1615 514 1875 571 permanere
1886 515 1904 558 ᾗ
1914 495 1968 549 sic
1978 495 2271 565 Respublica-2

502 570 588 617 fine
599 569 872 634 gubernante
887 602 900 625 ‚
913 570 983 615 vel
996 568 1177 617 Praefide
1189 602 1203 626 ,
1217 570 1288 617 vel
1300 571 1502 635 Principe
1513 605 1524 617 .

569 640 779 703 Principis
791 637 975 702 dignitas
987 654 1070 685 nec
1083 636 1262 702 superba
1272 672 1285 695 ,
1298 655 1380 686 nec
1393 639 1558 687 abiecta
1570 637 1637 685 fit.

568 708 780 772 Princeps
791 706 837 753 sit
848 705 974 753 iustus
983 739 996 763 ,
1008 723 1154 771 aequus
1164 740 1179 758 2
1193 707 1384 755 clemens
1395 741 1408 764 ‚
1419 714 1462 758 δε
1474 705 1716 773 Religiosus
1727 741 1741 753 .

566 777 781 840 Princeps
791 774 821 821 fi
832 777 939 824 velit
948 774 1117 823 amaria
1128 776 1295 840 populo
1306 810 1318 833 ,
1339 777 1552 844 populum
1563 791 1679 826 amet
1690 798 1703 822 .·
1716 792 1841 840 amor
1849 791 2003 841 namq3
2010 771 2163 842 populi
2174 772 2271 840 glo-

499 844 561 895 ria
573 877 587 901 ‚
602 841 706 891 salus
720 878 733 901 ,
744 849 787 891 &
802 843 1130 893 fundamentum
1149 846 1357 910 Principis
1368 879 1381 893 .

566 915 771 978 Princeps
782 912 971 961 libenter
983 930 1201 979 exponere
1215 913 1349 962 debet
1360 930 1442 978 pro
1452 911 1741 962 subieffltorum
1754 910 1995 961 commodo
2008 945 2021 970 ‚
2034 910 2272 960 &vtssitate

499 980 810 1047 propriabona
821 1016 834 1039 ,
848 984 1068 1048 propriam
1082 979 1256 1029 {alutem
1269 1017 1281 1035 2
1291 984 1514 1048 propriam
1527 986 1690 1031 vitam..
1703 1017 1717 1031 .,

485 1058 489 1062 “
506 1050 509 1054 ’
567 1052 776 1117 Princeps
794 1051 1084 1100 subiectorum
1096 1052 1266 1099 iniurias
1279 1051 1496 1102 vindicet,-
1516 1054 1714 1118 proprias
1726 1047 1976 1107 diffimulet3
1988 1048 2280 1116 pudicitiam-2

502 1117 716 1167 defendat
729 1139 741 1176 3
756 1119 1108 1187 delinquentibus
1120 1118 1311 1185 ignoscat
1325 1155 1336 1166 .

569 1191 699 1236 Pacta
709 1221 722 1245 ,
733 1192 1049 1238 conuentiones
1061 1223 1074 1247 ‚
1086 1194 1131 1239 &
1142 1188 1342 1254 promissa
1354 1191 1430 1254 qui
1441 1206 1531 1237 non
1543 1187 1790 1237 obseruabit
1800 1222 1814 1248 ,
1825 1205 1915 1237 non
1926 1186 2064 1236 modo
2076 1185 2101 1235 a
2111 1187 2288 1235 Princi-

502 1271 608 1326 patu
623 1276 635 1313 3
648 1255 717 1304 sed
729 1259 858 1305 etiam
872 1257 895 1306 a
908 1261 1067 1307 Senatu
1078 1257 1337 1322 rejiciendus
1350 1257 1411 1304 est
1426 1293 1436 1304 .

569 1325 915 1373 Fundamentum
926 1328 1200 1392 Principatus
1212 1326 1272 1374 est
1283 1326 1516 1374 liberalitas
1527 1363 1539 1373 .

567 1393 760 1443 Prudens
769 1397 976 1461 Princeps
986 1429 1001 1448 2
1014 1395 1222 1443 finitimos
1233 1396 1423 1465 populos
1435 1397 1607 1463 augeri,
1620 1412 1709 1444 non
1720 1395 1842 1444 finat.

565 1464 816 1528 Principum
828 1465 1044 1529 pernicies
1054 1464 1247 1511 adulatio
1262 1498 1274 1516 .,

562 1529 880 1580 Difficillimum
893 1531 953 1581 est
963 1549 1121 1581 cauere
1144 1531 1199 1581 ne
1211 1531 1267 1580 ab
1280 1531 1573 1585 adulatoribus
1584 1534 1680 1599 quis
1692 1533 1953 1600 decipiatur3
1967 1547 2068 1579 nam
2080 1530 2180 1580 adul
2187 1532 2293 1676 atio*

495 1597 723 1651 adulatum
736 1599 925 1649 delectat
936 1636 947 1648 .

563 1665 831 1718 Poffidonius
853 1671 1015 1733 panecij
1038 1669 1148 1718 filius
1158 1704 1174 1722 2
1188 1669 1244 1718 ab
1257 1669 1593 1718 omnibus‘vestri
1606 1672 1794 1737 Collegij
1816 1666 2068 1736 Auguribus
2080 1668 2291 1735 Magistri·

496 1735 713 1784 electione
724 1738 964 1787 honoratus
973 1773 987 1797 ‚
1002 1739 1094 1788 haec
1106 1755 1164 1788 vo
1173 1739 1241 1786 bis
1251 1772 1268 1796 ,Α
1289 1744 1513 1805 Augurum
1534 1740 1850 1805 prudentissimi
1863 1773 1876 1798 ,
1887 1738 2113 1806 proposuit
2124 1771 2138 1796 ,
2155 1753 2202 1787 vt
2211 1772 2230 1796 >
2239 1737 2273 1788 fi
2404 1752 2406 1811 ξ

484 1814 487 1864 g
493 1806 694 1878 placent,
708 1809 985 1872 approbetis.

566 1878 667 1940 Ego
678 1874 803 1924 Titus
814 1878 1002 1926 Falerius
1011 1879 1133 1925 Ciuis
1144 1876 1424 1929 Vulterranus
1435 1910 1447 1932 ,
1460 1881 1504 1924 &
1520 1877 1799 1926 Dorchethes
1811 1875 2016 1943 approbo
2031 1911 2043 1922 .

559 1944 716 1991 Lucius
730 1945 1003 1994 Placentinus
1015 1948 1284 2011 cognomine
1298 1947 1458 1992 Ciacus
1468 1947 1687 2010 approbat
1699 1982 1710 1992 .

563 2013 737 2060 Marcus
748 2016 977 2063 Arnamius
987 2017 1173 2061 patritius
1182 2013 1468 2067 Vercellenfis
1481 2048 1493 2071 ,
1504 2021 1547 2063 δε
1561 2015 1844 2063 Dorchethes
1857 2012 2078 2081 approbat
2089 2050 2099 2061 .

563 2082 651 2142 Q
657 2089 755 2129 ntus
768 2085 926 2132 Saluius
936 2081 1223 2148 Parthenopae
1234 2083 1434 2129 Ciuitatis
1445 2086 1565 2131 Ciuis
1577 2119 1588 2130 .

562 2148 698 2199 Alcus
706 2151 869 2203 Lodius
879 2150 1091 2204 Volfinius
1101 2158 1329 2217 Augurum
1342 2150 1574 2203 Praefectus
1585 2151 1818 2206 confirmat
1830 2187 1853 2202 ..

2397 2322 2406 2336 ⁴1

1237 2253 1440 2500 ᾗ
2396 2352 2400 2369 “

2396 2387 2398 2418 Ι

2395 2422 2398 2439 l

1412 2460 1414 2462 v
2394 2441 2405 2470 ll

2394 2504 2396 2516 ι

567 2561 668 2627 Ego
688 2562 846 2608 Mozus
868 2558 1054 2627 Torcius
1073 2562 1255 2608 Senator
1277 2559 1690 2620 Arretinus‚Scriba
1713 2560 1852 2629 scripfi
1861 2567 1995 2612 Anno
2007 2567 2265 2618 Vulterrano

635 2646 704 2678 cit>
717 2646 783 2677 cm
797 2645 932 2678 naetv-

635 2767 798 2813 Ptimus
817 2764 1024 2832 Magister
1035 2782 1125 2814 non
1135 2767 1337 2832 ignorare
1350 2766 1485 2816 debet
1496 2767 1658 2825 diuina,
1669 2783 1750 2815 nec
1764 2766 1967 2827 humana;
1982 2771 2082 2820 ideo
2095 2774 2263 2839 optime

661 2833 890 2882 institutum
904 2834 999 2888 fuit,
1010 2851 1059 2883 vt
1071 2835 1247 2901 Magistri
1256 2837 1427 2902 Collegi
1429 2842 1442 2899 j
1455 2843 1681 2902 Augurum
1691 2836 1886 2886 doctrina
1899 2838 1923 2886 a
1933 2843 2264 2892 Dorchethibus

491 2904 719 2953 iudicetur:
732 2901 793 2951 ast
803 2919 888 2969 ego
899 2902 954 2951 ad
964 2903 1201 2970 Magisterij
1216 2922 1369 2953 munus
1380 2906 1539 2953 electus
1550 2940 1564 2962 ,
1576 2907 1676 2952 licet
1685 2920 1808 2953 tanto
1821 2907 1989 2957 honore
2002 2928 2072 2957 me
2083 2913 2262 2977 indigns:

481 2968 757 3040 fcognoscam
767 3005 781 3030 ,
791 2987 839 3019 vt
850 2977 1074 3037 Augurum
1086 2989 1189 3040 erga
1202 2991 1272 3022 me
1283 2975 1550 3022 humanitate
1559 2990 1650 3022 non
1661 2973 1814 3023 abutar
1823 3008 1837 3033 ‚
1858 2977 1949 3027 haec
1959 2996 2166 3047 propono
2179 3014 2192 3027 .

476 3025 486 3115 J
563 3046 662 3091 Vna
672 3043 865 3090 omnium
877 3039 939 3088 est
953 3042 1152 3090 natiuitas
1163 3067 1179 3094 ³·
1190 3058 1276 3090 vna
1288 3060 1407 3090 mors
1418 3077 1430 3089 .

2090 3127 2192 3190 Vita
