2406 3580
809 284 1010 363 Liber
1047 289 1324 366 Tertius.
1783 319 1893 389 185

138 432 294 464 norum
304 414 524 464 hominum
537 415 719 461 habeat:
732 414 757 461 a
766 414 965 479 quolibet
976 417 1182 482 Collegio
1193 418 1406 465 Tribunus
1416 420 1595 484 eligatur
1603 453 1616 476 3
1628 422 1700 484 qui
1712 418 1790 467 suae
1802 423 1897 468 Tri-

137 483 217 532 bus
227 483 388 531 artibus
399 481 760 548 praeeritjaliquod
770 482 1005 531 artificibus
1015 517 1027 540 ,
1039 490 1083 532 &
1094 484 1260 549 plebeis
1271 485 1473 535 omnibus
1492 486 1690 535 ordinare
1699 520 1713 545 ‚
1733 493 1779 536 δε
1789 505 1897 553 prae-

135 553 286 617 cipere
297 550 428 618 possit
436 570 450 610 3
461 551 588 617 vsque
600 551 657 599 ad
668 567 912 609 carcerem,
924 558 969 599 &
979 551 1034 599 ad
1044 555 1332 616 priuationem
1344 556 1479 603 tertiae
1490 558 1625 620 partis
1646 555 1896 605 bonorum..

136 621 469 686 eiusimperium
482 621 718 670 ex-:enditur
729 654 740 666 .
777 619 1166 682 OQatuorTribuni
1177 621 1292 669 simul
1303 625 1565 689 congregati
1578 625 1713 672 virum
1733 641 1897 672 vnum..

134 692 295 755 cuique
306 692 386 738 arti
397 689 658 756 praeficiant,
678 690 753 754 qui
764 687 931 736 Vristor
949 688 1259 753 appellabitur:
1281 691 1513 756 aliquando
1536 692 1747 741 Vristeres
1764 710 1897 741 cum„

135 758 336 807 Tribunis
345 759 579 806 coueniaut
589 758 644 805 ad
655 755 957 806 consulendum
968 757 1182 823 quidquid
1192 758 1248 806 ad
1258 775 1492 806 commuue
1511 762 1665 807 artium
1682 764 1895 826 pertinet.

136 828 299 876 Verum
310 861 326 881 ,
337 842 438 875 cum
449 824 773 874 deliberandum
785 824 847 873 est
857 824 1017 890 aliquid
1027 859 1040 883 ,
1052 825 1174 891 quod
1185 826 1239 874 ad
1250 827 1474 893 populum,
1486 833 1529 875 δε
1540 828 1595 876 ad
1608 830 1786 894 plebem
1803 828 1896 895 spe-

136 898 294 954 &aret3
305 910 495 961 quatuor
512 910 566 943 ex
575 894 741 961 singulis
752 894 988 962 Collegijs,
1008 893 1120 944 &ab
1132 912 1399 964 vnoquoque
1422 896 1625 963 Collegio
1648 899 1838 965 eligendi
1848 900 1897 948 si-

135 964 227 1015 mul
238 977 561 1031 congregentur
570 997 583 1011 .

267 1098 402 1151 Alcus
413 1101 578 1150 Dorius
591 1096 768 1166 scripsit.

1946 1189 1987 1234 X
2000 1189 2082 1236 IX.

1959 1255 2118 1307 Scaritb

1911 1325 1989 1370 Die
2003 1331 2117 1390 ‘iju

1910 1398 1965 1455 nij
1985 1428 1994 1437 .

1911 1481 1944 1510 M
1952 1478 2116 1513 DCXXXV

543 1243 635 1286 Haec
654 1237 732 1284 tibi
738 1236 951 1283 commendo
960 1245 1042 1301 Ego
1059 1240 1268 1303 Prosperus
1276 1237 1491 1303 Fcssclanus

783 1313 896 1354 Anno
917 1309 994 1373 post
1014 1307 1241 1354 Catilinam.

342 1481 665 1559 Secuntur
676 1478 892 1587 Leges
914 1480 1093 1556 sacrae
1108 1480 1649 1559 Vulterranorum
1665 1479 1681 1554 ξ

194 1658 425 1706 Sacrorum
437 1657 651 1704 Maximus
663 1654 858 1706 Pontifex
867 1657 1028 1722 primus
1037 1655 1086 1703 sit
1097 1658 1292 1705 omnium
1300 1655 1568 1706 Thuscorum
1581 1654 1892 1705 Pontificum...-

127 1723 253 1774 huius
265 1723 425 1773 summa
436 1726 665 1772 auctoritas
674 1724 774 1772 sitin
783 1723 957 1772 sacrifici
960 1727 995 1787 js
1006 1758 1019 1782 ‚
1031 1726 1073 1772 in
1083 1723 1206 1773 sacris
1217 1725 1312 1773 ritib
1320 1742 1368 1773 us
1379 1759 1394 1778 ,
1405 1728 1448 1773 in
1461 1725 1588 1773 rebus
1599 1723 1802 1790 religiofis
1814 1758 1826 1782 ,
1849 1730 1893 1773 &

125 1791 278 1842 sanetis
289 1828 300 1839 .
336 1794 423 1841 Hic
434 1792 583 1859 quoad
593 1795 743 1840 vixerit
753 1810 905 1841 munus
915 1792 1102 1841 obiuerit
1113 1828 1123 1838 .
1160 1795 1233 1841 Ab
1246 1793 1442 1842 vniuerso
1452 1794 1620 1860 populo
1631 1794 1810 1859 eligatur
1820 1827 1832 1850 3
1845 1801 1891 1842 ὃς

127 1859 153 1910 ὲ
163 1861 373 1911 Generali
382 1861 585 1910 Concilio
596 1861 902 1909 confirmetur:
925 1861 973 1908 sit
984 1863 1120 1910 maior
1140 1865 1454 1928 quinquaginta
1473 1865 1664 1928 quinque
1685 1864 1805 1908 annis
1818 1880 1830 1916 3
1842 1862 1890 1910 fit

125 1930 318 1997 aruspex,
331 1937 375 1979 &
387 1930 412 1979 ὲ
425 1931 648 1979 Senatoria
658 1928 817 1978 familia
826 1947 907 1981 3:111
919 1931 1196 1978 Vulterranus
1208 1931 1254 1977 sit
1264 1966 1277 1988 3
1292 1932 1396 1978 nihil
1405 1930 1595 1979 interest.-
1608 1947 1759 1978 verum
1769 1930 1888 1977 Thu-

125 1998 214 2048 scus
226 1998 308 2048 effe
319 1999 457 2048 debet
468 2034 479 2045 .
515 2000 602 2046 Hic
612 2015 766 2047 omnes
778 1999 883 2046 alios
895 1998 1128 2047 Pontifices
1139 1998 1370 2047 confirmet
1379 2024 1393 2051 ,-
1417 2006 1460 2048 ἃ
1473 1999 1502 2047 si
1512 2000 1744 2047 errauerint
1762 2002 1885 2064 puni-

124 2082 188 2116 at.
205 2073 255 2115 Iu
265 2069 472 2116 Generali
482 2068 685 2115 Concilio
696 2069 740 2114 in
749 2066 898 2115 medio
909 2070 1210 2115 Lucumonum
1220 2069 1363 2115 locum
1375 2068 1536 2116 habeat
1550 2086 1562 2114 :
1574 2082 1724 2115 votum
1736 2082 1881 2115 autem

124 2136 310 2185 reddere
322 2153 411 2184 non
423 2135 559 2184 debet
568 2157 581 2180 :
594 2139 644 2183 In
654 2136 914 2184 Vulterrano
925 2140 1079 2184 Senatu
1092 2153 1192 2184 cum
1212 2140 1460 2184 Lucumone
1484 2138 1574 2202 pari
1586 2136 1720 2200 gradu
1745 2134 1856 2184 fistat
1868 2155 1880 2191 3

122 2205 370 2271 inTemplis
381 2204 580 2253 omnibus
589 2205 809 2269 praecedat
821 2223 832 2260 3
845 2206 888 2251 in
900 2210 1123 2270 Augurum
1136 2206 1341 2271 Collegio
1353 2204 1560 2252 secundus
1570 2202 1651 2260 sita
1662 2203 1876 2265 Prefeeto.

192 2276 234 2322 Si
247 2277 434 2322 onrem
445 2272 1011 2321 habueritinterAncironas
1026 2308 1038 2331 ,
1060 2280 1105 2321 &
1116 2273 1312 2322 Vestales
1333 2276 1516 2338 primum
1539 2273 1685 2320 locum
1699 2272 1879 2320 habeat:

122 2357 274 2390 verum
285 2345 423 2391 virum
434 2359 521 2390 non
533 2340 675 2390 videat
686 2375 699 2399 3
710 2348 755 2390 &
766 2358 971 2408 tanquam
985 2358 1229 2390 extraneum
1243 2342 1422 2390 habebit
1436 2342 1582 2403 (tertio
1593 2339 1737 2389 mense
1751 2357 1881 2390 exce-

122 2414 229 2475 pto)
242 2428 332 2476 quo
344 2426 545 2475 tempore
558 2408 676 2456 simul
687 2426 783 2457 cum
794 2415 887 2458 viro
898 2411 1140 2458 inhabitare
1152 2410 1315 2476 potest.

188 2481 438 2527 Duodecim
451 2480 549 2544 Sagi
559 2478 797 2527 Pontifices
806 2478 972 2544 semper
985 2482 1181 2527 Maximo
1192 2477 1392 2527 Pontifici
1404 2477 1601 2527 adsistant
1614 2511 1627 2536 3
1650 2483 1694 2526 &
1704 2474 1883 2526 consilio

124 2546 292 2595 iuuent:
318 2547 577 2596 Sacerdotes
588 2562 763 2598 creent3
782 2550 956 2614 triginta
967 2550 1087 2596 annis
1099 2548 1175 2594 sint
1187 2551 1369 2596 maiores
1383 2568 1394 2602 3
1408 2564 1498 2595 non
1530 2549 1724 2594 Maximo
1738 2548 1882 2594 Ponti-

123 2612 195 2661 fici
207 2619 434 2673 coniu116ti3
445 2615 521 2665 fint
531 2618 672 2682 patriti
676 2619 688 2678 j
703 2634 715 2670 3
729 2614 814 2663 duo
825 2633 873 2664 ex
884 2617 1043 2665 eadem
1054 2618 1229 2664 Familia
1241 2615 1324 2663 esse
1337 2633 1428 2663 non
1439 2613 1621 2681 possunts
1634 2620 1678 2663 ὃ(
1694 2613 1718 2662 ὲ
1729 2615 1881 2664 Colle-

123 2683 197 2748 gio
209 2688 432 2749 Augurum
444 2683 526 2733 effe
539 2683 723 2733 debent.
759 2687 839 2731 His
850 2684 960 2732 sacra
972 2689 1118 2733 omnia
1130 2684 1300 2750 publica
1311 2718 1324 2742 ,
1337 2691 1380 2733 &
1394 2687 1558 2749 priuata
1577 2682 1761 2731 subicfia
1772 2683 1852 2732 {int
1865 2720 1876 2729 .

193 2752 447 2801 Sacerdotes
458 2754 608 2801 Martis
616 2752 863 2819 vigesimum
875 2755 1072 2818 quintum
1083 2770 1243 2801 aunum
1263 2753 1500 2801 excedant:
1522 2767 1608 2800 tres
1626 2753 1752 2818 primi
1771 2751 1878 2800 sem-

121 2834 202 2883 per
211 2819 287 2866 sint
297 2819 321 2868 ὲ
332 2825 583 2869 Maurorum
595 2821 749 2869 familia
754 2847 769 2874 ,-
782 2823 834 2869 ali
836 2825 851 2885 j
865 2825 998 2870 Ciues
1012 2821 1468 2887 Vulterranitquotidie
1480 2822 1613 2869 Marti
1623 2819 1874 2878 sacrificent,

121 2892 168 2935 &
179 2887 388 2936 Schemos
399 2890 638 2938 cantent2s1
650 2890 755 2956 quid
766 2890 1003 2957 irreligiose
1015 2890 1170 2938 factum
1182 2889 1480 2948 audierint3aut
1490 2888 1749 2948 viderint3ad
1758 2893 1874 2937 Pon-

121 2954 263 3004 tifices
276 2957 492 3006 deferant.
528 2961 611 3006 Per
623 2976 700 3007 eos
712 2958 874 3007 bellum
885 2959 1118 3016 indicatur,
1140 2964 1184 3006 &
1204 2958 1340 3007 foedus
1353 2960 1582 3024 pepigatur
1593 2995 1603 3005 .

187 3025 260 3072 Ad
272 3026 525 3075 Sacerdetes
535 3029 731 3075 Herculis
741 3030 929 3093 pertinet
939 3046 1085 3075 curare
1095 3062 1108 3084 3
1119 3027 1174 3074 ne
1186 3029 1298 3076 inter
1310 3030 1444 3076 Ciues
1455 3027 1723 3076 diffenfiones
1734 3026 1871 3073 orian-

1716 3128 1781 3161 tur
1793 3131 1806 3167 3
