2406 3580
695 288 1281 384 InberSecundus.
1361 285 1364 287 .
1784 343 1900 401 129

381 500 495 545 sz'as
503 497 654 546 chartas
661 533 679 552 ,
688 498 733 542 nb
743 514 868 542 meam
877 496 1063 558 infelicem
1072 531 1087 550 ,
1100 496 1456 567 infhrtunatamque
1462 503 1669 567 fhrtunam

654 567 902 632 experiantur
913 599 930 619 ,
939 582 1068 632 repono
1087 567 1128 611 in
1136 565 1200 612 hoc
1217 575 1248 614 S
1252 568 1372 615 carith
1384 604 1394 615 .
1970 520 2128 632 ‘gx-,ff

850 678 853 679 ⁷
1943 656 2019 699 Die
2037 656 2125 700 xix·

255 701 375 750 Rimi
385 703 513 750 Italiae
522 702 673 751 incolae
685 704 783 768 Sagi
792 701 971 752 Armeni
972 703 987 765 j
1143 706 1264 753 Crati
1265 707 1278 768 j
1290 738 1304 762 ‚
1936 727 2126 783 Ianuarij.

347 769 470 818 fuere
479 806 493 817 .
1145 773 1315 836 Assertij
1326 808 1339 831 ‚
1350 778 1394 822 &
1932 809 1963 837 M
1976 806 2036 837 DC
2050 806 2126 838 XXX

216 845 283 888 Ex
292 839 358 886 his
368 838 556 887 Ethrusci
567 842 649 887 orti
661 838 752 887 sunt
762 873 774 885 .
1146 843 1344 890 Monales
1354 840 1605 890 Ethruscorfi
1616 842 1761 891 coloni
1772 839 1902 892 fuere.
1989 872 2061 906 vu,

219 913 282 957 Ex
293 905 505 956 Ethruscis
516 922 659 957 ortum
670 905 861 957 habuere
1083 914 1193 958 Item
1203 911 1301 957 Phri
1306 913 1363 975 gij
1379 911 1574 959 Dardani
1585 946 1598 968 ,
1610 918 1656 960 &

226 982 367 1041 Scytae
376 1009 392 1034 ‚
1149 977 1290 1026 Insulae
1300 981 1439 1044 Aegei
1458 981 1602 1044 pelagi
1623 980 1726 1027 olim
1736 978 1791 1026 ab
1802 980 1907 1027 Eth-

225 1043 352 1093 Sabei
362 1076 380 1097 ,
1150 1046 1276 1094 ruscis
1288 1046 1454 1094 fuerunt
1464 1048 1708 1096 inhabitat-'ae
1720 1082 1732 1094 .
2006 1065 2049 1109 A

221 1110 369 1169 Medi,
1087 1120 1108 1164 Ι
1120 1119 1151 1163 1.
1189 1116 1320 1162 Italiae
1333 1115 1598 1163 habitatores
1608 1115 1699 1163 sunt
1708 1114 1912 1180 Aborigi-

226 1185 362 1229 Ioues
1155 1200 1230 1230 nes
1239 1217 1252 1241 ‚
1264 1185 1402 1248 quiex
1415 1184 1615 1248 AEgiptijS
1636 1183 1837 1248 prodiere
1847 1216 1861 1234 2
1872 1189 1914 1231 δι’

226 1249 368 1306 Celti,
1155 1250 1338 1298 Camese
1351 1249 1460 1297 duce
1473 1252 1555 1298 huc
1567 1250 1785 1299 aduenere
1797 1285 1809 1296 .

228 1317 441 1366 Celtiberi
453 1349 468 1375 ‚
1122 1324 1186 1368 Ex
1195 1318 1507 1386 Aboriginibus
1518 1321 1607 1367 nati
1617 1318 1710 1367 sunt
1729 1317 1853 1385 prisci
1862 1320 1919 1366 La

228 1384 542 1451 Cappadoces,
1162 1389 1262 1434 tini.

230 1454 417 1512 Traces,
1095 1458 1145 1504 11
1158 1459 1192 1503 Ι.
1229 1457 1317 1519 Qi
1328 1456 1371 1502 in
1392 1456 1557 1504 Italiam
1577 1470 1789 1505 venerunt
1801 1489 1817 1509 ,
1836 1453 1924 1503 sunt

231 1525 386 1589 Cyprij
399 1558 409 1567 .
1162 1523 1321 1586 Sabatij
1340 1527 1533 1590 Armenij
1547 1558 1558 1567 ,

165 1590 249 1668 1ps1
263 1590 675 1639 EthrusciColonias
687 1588 844 1639 misere
1165 1592 1240 1641 Ab
1252 1593 1316 1640 his
1330 1592 1499 1639 trahunt
1526 1595 1738 1657 originem
1759 1590 1926 1641 Sabini.

148 1675 151 1680 ·
232 1663 277 1708 in
287 1661 530 1708 Battrianos
539 1693 556 1717 ,
1165 1661 1251 1710 Sed
1262 1660 1286 1709 ὲ
1297 1660 1462 1709 Sabinis
1474 1664 1685 1710 Samnites
1696 1696 1708 1707 .

232 1730 278 1777 in
287 1730 332 1776 G
340 1728 514 1775 alatiam
529 1761 544 1786 ‚
1032 1738 1034 1741 ’
1164 1735 1210 1777 Α
1220 1729 1473 1777 Samnitibus
1485 1730 1645 1777 Lucani
1657 1763 1669 1776 .

234 1797 291 1846 ad
301 1801 504 1844 Montem
517 1795 725 1863 Ogiglam
736 1828 756 1854 ,
1166 1803 1208 1845 A
1220 1800 1401 1845 Lucanis
1414 1800 1515 1844 noui
1527 1799 1639 1844 Bruti
1641 1800 1655 1859 j
1669 1832 1680 1843 .

235 1868 280 1913 in
292 1866 488 1913 Artricos
499 1897 516 1922 ‚
1103 1870 1182 1914 IV.
1217 1869 1409 1929 Armenij
1423 1865 1674 1931 Griphones
1685 1861 1935 1912 habitauere

237 1936 283 1982 in
301 1936 526 1990 Carnites,
1172 1935 1340 1982 Italiam
2014 1948 2051 1992 B

242 2005 289 2052 in
303 1999 551 2058 Vadicaffos
561 2034 577 2059 ,
738 2024 740 2027 v
1168 2006 1251 2060 Hi,
1263 2009 1307 2050 &
1325 2000 1480 2049 Thusci
1500 1998 1710 2067 peperere
1728 1999 1908 2048 Volscos
1926 2037 1937 2050 t

241 2074 286 2119 in
295 2070 568 2119 Auocontios
579 2104 597 2130 ‚
1169 2075 1333 2119 Verum
1345 2070 1500 2118 Vmbri
1511 2070 1565 2117 ab
1576 2068 1787 2119 Ethruscis
1798 2066 1939 2135 primo

247 2143 293 2188 in
304 2145 483 2187 Cretam
494 2172 510 2198 ‚
1171 2143 1388 2188 oriuntur:

189 2224 191 2227 ·
245 2212 289 2258 in
297 2211 510 2257 Leucinos
529 2242 546 2262 ,
1174 2208 1281 2257 Inde
1300 2210 1344 2254 in
1371 2209 1552 2272 antiqua
1579 2210 1854 2254 Camereuna
1885 2203 1940 2252 ab

247 2280 361 2327 circa
372 2279 533 2325 flumen
543 2274 779 2325 Meffaliam
791 2311 803 2324 .
1171 2278 1387 2338 Armenijs
1404 2310 1418 2333 ,
1437 2275 1751 2341 Aboriginibus
1769 2307 1784 2325 2
1801 2280 1844 2322 ἃ
1864 2276 1943 2321 eis-

181 2347 362 2397 Deinde
371 2380 385 2399 2
408 2346 550 2400 multis
560 2344 772 2395 transactis
781 2347 899 2396 an'nis
907 2379 924 2406 ‚
1174 2346 1274 2393 dem
1286 2343 1498 2392 Ethruscis
1510 2359 1718 2407 augentur
1727 2378 1740 2390 .

248 2420 299 2465 In
306 2418 519 2464 Hircanos
527 2448 542 2473 ,
1106 2417 1162 2461 V.
1198 2413 1270 2461 Ad
1292 2414 1456 2462 Italiam
1476 2413 1682 2477 applicuit
1700 2409 1851 2461 Auson
1878 2410 1945 2457 Li-

252 2489 529 2551 Baranganos
539 2517 555 2542 ‚
1176 2482 1299 2529 bicus
1312 2516 1321 2527 .
1343 2478 1347 2485 '

253 2555 581 2607 Marenernios,
1177 2550 1251 2597 Ab
1263 2547 1436 2597 Ausone
1451 2547 1630 2610 Ausonij
1643 2545 1872 2613 prodiuere
1885 2580 1896 2593 .
2044 2562 2087 2607 C

255 2621 514 2670 Adrasenios
526 2654 541 2680 ‚
1114 2623 1193 2668 VI.
1229 2616 1404 2666 Venere
1424 2616 1620 2664 Phaeton
1643 2617 1859 2682 AEgiptius
1869 2649 1884 2674 ,
1901 2621 1945 2664 &

257 2693 497 2738 Carmanos
507 2723 522 2748 ,
1183 2689 1273 2735 eius
1286 2686 1395 2732 filius
1406 2687 1535 2750 Ligur
1544 2719 1557 2731 .

259 2761 530 2814 Cortouites5
1182 2755 1254 2803 Ab
1265 2755 1339 2801 illo
1349 2755 1538 2800 oriuntur
1548 2753 1697 2819 populi
1707 2753 1855 2819 Alpini
1865 2787 1880 2806 ,
1900 2757 1944 2801 δε

264 2897 308 2942 in
319 2899 512 2963 Cyrnum
521 2928 535 2953 ,
545 2896 614 2944 vel
623 2895 844 2943 Corsicam
854 2925 867 2950 ,
1159 2918 1163 2929 ν
1184 2892 1239 2939 ab
1251 2892 1335 2938 hoc
1347 2906 1500 2938 omnes
1511 2891 1685 2955 Ligures
1695 2923 1710 2942 2
1731 2904 1873 2953 preter
1882 2893 1945 2934 A-

265 2965 309 3011 in
318 2964 550 3012 Sardiniam
559 2998 573 3022 ,
582 2965 653 3012 vel
664 2962 912 3011 Cadosenes
924 2998 937 3009 .
1187 2964 1669 3024 puanos,&Montanos,
1682 2955 1855 3023 quisunt
1867 2972 1946 3004 co-

261 2827 577 2875 inTrinacriam
588 2861 601 2885 ‚
614 2840 685 2874 aut
695 2825 901 2882 Siciliam,
1056 2712 1065 2979 i}
1179 2820 1387 2871 Taurisci:

1063 2981 1066 3026 ι
1267 3029 1273 3036 ,
1380 3021 1383 3023 ,

203 3032 331 3081 Siculi
341 3028 519 3081 Erbeffii
528 3064 542 3090 ‚
1064 3028 1068 3085 l
1095 3043 1098 3077 ι
1188 3030 1276 3075 loni
1286 3026 1549 3075 Thuscorum
1563 3060 1574 3071 .

1641 3096 1882 3152 VILIm-

192 3177 2161 3201 Μ
