2406 3580
502 335 594 405 86
950 325 1254 403 Ethmsc.
1273 327 1511 432 Antiq.
1531 329 1790 432 Fragm.

499 447 606 498 riuit:
623 467 717 497 :eos
727 449 919 496 Amulius
930 447 983 494 ad
992 446 1163 494 Tiberis
1174 449 1310 511 ripam
1321 447 1604 511 exponendos
1615 447 1823 498 decreuit:
1838 464 1927 504 eos,
1941 463 1984 496 vt
1994 452 2123 507 aiunt,
2136 448 2160 496 a
2173 452 2257 496 Lu-

498 537 554 583 pa
564 516 976 573 laetatosffiaustulus
986 514 1131 580 pastor
1142 517 1324 579 reperit:
1337 517 1564 563 Laurentia
1574 533 1674 564 vxor
1686 517 1869 563 nutriuit:
1885 516 2059 564 demum
2071 519 2180 565 inter
2189 519 2200 563 i
2203 534 2255 582 p-

497 587 573 643 sos,
587 592 630 632 &
642 587 888 645 Numitoris
899 583 1090 651 pastores
1106 583 1158 631 de
1171 581 1331 648 pascuis
1343 581 1509 632 dissidio
1522 583 1900 649 exorto,quosdam
1912 602 1961 632 ex
1971 585 2066 650 ipsis
2077 586 2255 634 occide-

498 658 779 701 runt-Remus
790 669 939 718 captus
959 652 1319 707 est5Faustulus2vt
1329 652 1590 701 adolescenti
1602 655 1733 701 vitam
1745 652 1931 700 seruaret
1951 671 2033 700 auo
2046 670 2122 701 eos
2134 654 2256 701 dete-

496 725 579 787 git:
593 723 786 770 Amulius
795 755 808 778 ,
829 723 932 768 licet
951 721 1159 769 Numitor
1178 723 1324 768 omnia
1345 723 1506 769 celaret
1515 755 1528 779 ,
1549 723 1694 769 omnia
1705 736 1850 769 tamen
1872 724 2257 788 cognouit,magno

496 793 650 838 timore
664 788 873 853 perculsus
884 790 967 847 est,
980 788 1033 836 ne
1046 790 1196 854 populi
1207 807 1354 837 rumor
1365 792 1617 838 excitaretur
1628 823 1641 847 ,
1661 791 1767 837 iram
1788 786 2053 837 diffimulauit
2062 815 2078 841 ,-
2097 793 2256 838 Numi-

496 874 636 910 torem
648 876 703 905 eo
717 861 851 923 magis
861 873 1090 906 veneratus
1102 857 1162 904 est
1174 894 1184 904 .
1221 859 1434 908 Romulus
1445 860 1581 924 Regis
1592 860 1698 906 iram
1710 860 1885 915 veritus,
1897 860 1940 904 in
1951 857 2141 906 Thuscos
2152 860 2257 906 Vul-

497 942 652 973 terram
664 925 829 991 aufugit
838 952 853 977 ,-
866 943 965 974 eum
978 925 1125 974 Elbius
1135 931 1311 973 Maurus
1323 926 1443 974 domi
1455 929 1622 991 recepit
1636 945 1646 974 :
1661 928 1823 974 Ciuitas
1833 927 1970 974 ciuilia
1979 926 2006 974 b
2014 927 2093 974 ella
2102 961 2117 984 ,
2140 933 2184 975 &
2195 927 2257 976 se-

498 995 684 1042 ditiones
694 1029 709 1047 5
722 994 876 1059 quibus
890 994 1124 1044 vexabatur
1133 1027 1146 1046 2
1158 998 1244 1042 eius
1256 1012 1389 1060 opera
1402 994 1595 1059 deposuit
1606 1030 1617 1042 .
1656 996 1896 1044 Vulterrani
1908 997 1947 1042 ei
1958 1009 2110 1044 contra
2121 1001 2257 1044 Amu-

499 1064 601 1110 lium
613 1064 782 1127 equites
792 1063 1037 1111 concess'e're
1049 1083 1062 1119 3
1076 1081 1174 1111 eum
1187 1066 1408 1111 Senatoria
1422 1063 1632 1128 dignitate
1645 1062 1863 1111 donauere
1875 1082 1889 1119 5
1902 1063 2093 1111 exulibus
2103 1080 2257 1131 praeter

499 1134 548 1196 ijs
561 1165 573 1189 ,
585 1134 659 1196 qui
672 1147 823 1181 contra
834 1134 1015 1197 patriam
1027 1149 1144 1184 arma
1155 1130 1432 1197 sumpserant,
1444 1147 1487 1179 vt
1498 1130 1628 1196 ipsum
1640 1130 1823 1197 quoquo
1833 1133 1959 1179 vellet
1970 1130 2256 1197 sequerentur,

499 1199 744 1269 permissum
758 1200 818 1247 est
829 1236 840 1246 .
876 1202 1070 1249 Amulius
1088 1199 1249 1248 occisus
1262 1235 1272 1245 .
1317 1202 1524 1247 Numitor
1543 1203 1586 1246 in
1605 1204 1809 1264 Regnum
1829 1200 2039 1248 restitutus
2061 1200 2139 1248 fuit
2148 1237 2159 1248 .
2193 1207 2258 1250 At

500 1270 692 1316 Romulus
705 1303 718 1326 ,
731 1276 775 1316 &
789 1286 936 1316 Remus
945 1269 1090 1317 locum
1102 1271 1113 1315 i
1116 1271 1168 1332 js,
1181 1267 1305 1334 quise
1320 1268 1449 1315 secuti
1463 1268 1656 1324 fuerant,
1669 1275 1712 1315 δέ
1724 1267 1842 1316 sedes
1852 1303 1865 1326 ,
1879 1285 1994 1334 quas
2013 1270 2256 1318 incolerent

499 1336 602 1384 dare
614 1336 859 1392 censebant,
872 1337 925 1385 ne
935 1338 1048 1385 inter
1057 1337 1253 1386 Albanos
1263 1336 1576 1402 manerent,ips1
1588 1337 1746 1384 Albani
1758 1335 2002 1395 obstabant,
2014 1340 2176 1386 etenim
2187 1340 2255 1404 ip„

498 1404 636 1453 sorum
648 1422 778 1471 quam
791 1406 958 1471 plurimi
970 1406 1111 1455 exules
1123 1420 1246 1456 erant
1255 1439 1267 1463 ,
1279 1408 1515 1455 Ciuitatem
1529 1403 1824 1455 aedificandam
1834 1405 2117 1453 constituunt:
2130 1406 2253 1456 locus

496 1491 582 1520 non
595 1477 959 1523 conuenitazemus
970 1479 1172 1522 Montem
1183 1477 1463 1530 Auentinum3
1475 1474 1671 1522 Romulus
1692 1490 1791 1520 eum
1808 1474 1951 1523 locum
1961 1508 1976 1532 ,
1995 1475 2063 1521 vbi
2075 1477 2251 1525 Roma-⁴

495 1546 685 1590 Romam
698 1543 1001 1600 construxerat,
1014 1541 1257 1609 eligendum
1270 1542 1454 1591 instabat
1465 1580 1476 1592 r
1512 1544 1693 1589 Accitus
1704 1545 1746 1589 V
1750 1543 1904 1590 ulterra
1917 1548 1954 1588 A
1963 1559 2139 1608 ugurum
2154 1549 2250 1592 Ma-

495 1609 622 1675 gister
632 1614 792 1658 Forcus
805 1614 1040 1659 Meremius
1052 1613 1271 1658 Arretinus
1280 1645 1293 1668 ,
1304 1613 1377 1675 q'ui
1387 1611 1592 1676 Augurijs
1603 1612 1724 1657 litem
1736 1609 1954 1658 dirimeret
1964 1645 1977 1668 ,
1989 1628 2070 1676 pro
2082 1615 2252 1661 Romu-

494 1680 537 1725 lo
549 1677 800 1725 sententiam
811 1678 916 1726 dixit
927 1715 937 1726 .
951 1678 1141 1744 Qdam
1157 1683 1339 1727 Forcum
1350 1681 1535 1744 pecunia
1548 1677 1571 1724 a
1582 1678 1774 1727 Romulo
1786 1693 2030 1744 corruptum
2043 1697 2055 1735 3
2068 1679 2198 1744 quida
2229 1739 2232 1741 Ι

493 1745 594 1793 vero
606 1745 704 1794 vere
718 1747 910 1795 Romulo
921 1751 991 1811 xij.
1015 1748 1209 1796 Vultures
1220 1782 1233 1805 ,
1253 1751 1399 1797 Remo
1410 1750 1465 1810 vj.
1486 1746 1725 1812 apparuisse
1747 1745 2035 1794 affirmarunt:
2082 1751 2248 1797 Remus

494 1830 637 1862 tamen
649 1816 840 1863 Romulo
856 1818 983 1864 iratus
997 1814 1019 1863 a
1031 1817 1187 1864 Celere
1199 1850 1211 1874 ,
1224 1817 1297 1883 qui
1308 1816 1501 1865 Romulo
1514 1814 1689 1862 fauebat
1699 1850 1715 1868 5
1727 1813 1886 1862 occisus
1901 1814 1983 1863 est:
1997 1816 2065 1862 ille
2078 1817 2248 1865 Vulter-

495 1901 581 1929 ram
594 1883 757 1948 aufugit
767 1917 779 1939 ,
793 1885 1044 1932 Vulterrana
1056 1887 1244 1932 Ciuitate
1257 1883 1441 1931 donatus
1455 1882 1516 1931 est
1526 1918 1536 1931 .
1554 1885 1728 1932 Interim
1740 1884 1952 1932 Romulus
1973 1884 2029 1932 ad
2052 1888 2251 1936 Senatum

495 1953 793 1998 Vulterranum
805 1986 816 2008 ,
828 1958 871 1999 δέ
882 1954 937 2000 ad
948 1956 1216 2000 Lucumones
1226 1952 1466 2000 Perusinum
1477 1986 1489 2009 5
1502 1958 1545 2000 &
1556 1954 1818 2009 Arretinum,
1829 1953 2014 2017 Legatos
2034 1952 2140 1999 misit
2149 1987 2161 2010 5
2174 1955 2250 2019 qui

492 2035 690 2083 peterent
703 2020 902 2067 homines
914 2055 925 2077 ,
938 2038 1018 2085 per
1029 2037 1138 2085 quos
1151 2023 1314 2068 Ciuitas
1327 2020 1613 2067 aedificaretur
1621 2054 1634 2077 5
1648 2019 1882 2077 obtestans,
1895 2020 1935 2066 se
1946 2021 2012 2068 Th
2019 2019 2248 2068 uscorum..

493 2086 650 2134 socium
661 2085 828 2152 semper
838 2088 1283 2137 futurum.'Vulterrani
1294 2089 1446 2135 Archit
1454 2091 1630 2145 e&os,&
1642 2090 1988 2153 Coloniam,quae
1999 2106 2049 2136 ex
2059 2086 2250 2138 cisioccc

494 2152 723 2203 sortiffimis
736 2157 834 2203 viris
847 2156 1072 2204 constabat
1083 2181 1097 2207 ‚-
1108 2156 1182 2203 sub
1195 2157 1349 2204 ducatu
1362 2158 1502 2204 Lucaei
1513 2159 1702 2219 Petronij
1716 2157 1870 2204 misere
1884 2176 1894 2203 :
1908 2156 2024 2204 idem
2035 2158 2219 2205 Perusini
2229 2191 2247 2217 ,

494 2230 538 2270 δέ
551 2226 737 2270 Arretini
750 2224 893 2272 fecere
910 2263 918 2270 .
939 2224 1045 2272 Inde
1060 2227 1130 2289 qui
1142 2224 1327 2272 subditos
1338 2224 1412 2273 fibi
1423 2226 1612 2290 populos
1624 2227 1876 2291 religionem
1888 2259 1901 2282 5
1913 2231 1956 2273 &
1966 2224 2154 2273 scientias
2167 2226 2248 2274 do-

494 2307 642 2339 cerent
654 2309 734 2356 per
743 2296 932 2358 Legatos
943 2297 1000 2355 jv.
1012 2293 1241 2358 postulauit
1251 2329 1261 2339 .
1275 2292 1832 2355 Qod,dissidentibusinter
1848 2292 1888 2341 se
1900 2294 2250 2351 Vulterranis,vix

495 2362 533 2406 ei
548 2360 797 2407 concessum
813 2361 911 2408 fuit.
949 2365 1094 2417 Vnum
1107 2379 1158 2410 ex
1168 2361 1399 2410 duodecim
1414 2365 1554 2428 Sagis,
1575 2378 1660 2410 tres
1683 2368 1935 2418 Senatores,
1957 2365 2148 2427 quinque
2159 2368 2250 2427 Au·-

494 2446 620 2492 gures
631 2462 644 2485 ,
657 2429 745 2476 duo
759 2429 1015 2478 Sacerdotes
1026 2431 1205 2478 alterum
1217 2432 1383 2488 Martis,
1395 2431 1573 2478 alterum
1587 2433 1692 2488 Iani,
1707 2433 1896 2496 quinque
1909 2446 1960 2476 ex
1970 2431 2250 2495 populo,om-

492 2513 568 2543 nes
580 2499 695 2544 viros
707 2495 1068 2562 prudentisfimos,
1079 2497 1134 2545 ab
1147 2499 1229 2545 Erh
1237 2497 1360 2546 ruscis
1370 2498 1515 2547 missos
1527 2496 1952 2547 honorificentiffime
1966 2501 2133 2563 recepit
2153 2503 2248 2565 Ro.

490 2566 623 2612 mulus
635 2601 645 2611 .
684 2565 735 2612 Id
749 2569 920 2614 Latinos
932 2566 1057 2615 taedio
1069 2564 1237 2620 affecit:
1251 2569 1410 2614 etenim
1422 2568 1633 2616 Romulus
1645 2569 1775 2633 pluris
1786 2565 2120 2630 Thuscos,quam
2134 2568 2248 2619 Lati.-

489 2648 570 2679 nos
591 2632 792 2681 :estimare
814 2634 920 2683 visus
941 2634 1001 2681 est
1013 2671 1023 2681 .
1068 2636 1248 2682 Ciuitati
1270 2652 1411 2683 muros
1433 2637 1588 2687 circum
1596 2636 1735 2691 duxit3
1757 2652 1853 2682 eam
1873 2636 2005 2698 priori
2028 2637 2249 2685 nomine*

487 2703 530 2748 R
542 2704 587 2746 O
600 2705 650 2747 M
661 2706 703 2747 A
716 2706 766 2748 M
799 2705 987 2750 vocauit.
1030 2707 1047 2749 I
1053 2719 1188 2750 terum
1202 2704 1483 2751 Vulterranos
1493 2738 1505 2760 ,
1517 2710 1561 2751 &
1571 2720 1723 2752 omnes
1732 2701 1920 2750 Thuscos
1931 2698 2057 2750 missis
2068 2703 2218 2768 legatis
2229 2736 2245 2761 ‚

488 2783 534 2816 vt
544 2768 583 2815 se
594 2767 672 2816 suae
686 2771 882 2818 Ciuitatis
892 2805 904 2827 ,
915 2771 943 2818 si
955 2789 1041 2818 non
1053 2786 1310 2836 perpetuum
1332 2774 1625 2819 Lucumonem
1635 2806 1648 2830 ,
1660 2772 1805 2819 saltem
1817 2772 2015 2818 Coritum
2029 2785 2243 2826 crearent,

487 2838 627 2883 orauit
638 2872 648 2883 .
664 2842 836 2886 Senatus
849 2840 1127 2886 Vulterranus
1139 2840 1361 2898 Vulterrae,
1370 2843 1593 2888 Lucumon
1603 2855 1751 2892 autem
1762 2838 1984 2888 Perusinus
1994 2840 2109 2905 Pirgi
2120 2842 2245 2905 Con-

486 2905 630 2952 cilium
640 2905 808 2953 indixit.
844 2910 961 2954 Patr-
997 2912 1018 2932 *
1054 2912 1073 2933 *
1109 2912 1130 2933 *

2002 3139 2175 3196 Komang
