2406 3580
339 522 370 560 S
373 514 496 561 carith

297 584 375 630 Die
411 585 497 644 xizj.

298 651 495 701 Decembr.

303 736 498 770 MDCXXXV
521 703 605 754 dux
619 720 716 753 cum
727 706 847 754 ccix>
860 709 979 755 ccix>
989 708 1070 757 iao.
1090 708 1293 758 militibus
1304 710 1345 758 in
1355 712 1579 758 Arretinos
1598 709 1840 778 progressus
1850 747 1862 761 .

380 862 425 906 A

534 322 616 398 56
985 310 1290 388 Ethtusc.
1308 310 1541 416 Antiq.
1562 313 1818 417 Fragm.

887 508 932 554 H
934 521 980 548 aec
990 521 1052 567 ego
1063 519 1192 570 repono
1203 502 1362 569 obsefflcs
1372 503 1422 550 ab
1430 505 1670 571 iniqtctffimis
1688 506 1875 555 Romanis
1885 538 1898 553 .

1167 574 1375 638 Prosperus
1384 575 1598 638 Faesulanus
1609 610 1619 621 .

1153 782 1285 826 Anno
1297 780 1362 826 cio
1374 780 1645 842 ioccccxxxij.

586 845 790 909 Morgete
803 843 933 891 Cefio
945 847 1195 894 Lucumone
1208 848 1461 894 Vulturnum
1483 847 1705 896 obfidione
1715 847 1943 896 liberatum
1955 867 1967 904 3
1979 865 2128 897 verum
2140 847 2270 914 paulo

518 910 616 975 post
627 928 925 977 oppugnatum
938 947 950 970 ,
963 919 1008 962 &
1018 928 1193 978 captum
1204 949 1214 961 .
1252 917 1411 964 Interni
1423 915 1673 966 dimicatum
1684 951 1696 962 .
1733 917 1974 965 Vulterrani
1994 917 2054 964 ob
2074 919 2270 964 inimico-

519 995 611 1024 rum
623 979 851 1029 discordias
863 980 1339 1046 superiores.Internum
1350 990 1629 1049 receptum.A
1640 990 1768 1051 Rege
1781 989 1955 1050 Capeto
1968 990 2080 1047 Cere
2092 982 2268 1033 obsess'a.

518 1049 557 1095 C
567 1049 672 1094 irnei
684 1048 738 1096 ad
750 1047 1043 1099 defectionem
1056 1069 1068 1106 5
1079 1050 1232 1101 Thusci
1243 1051 1298 1099 ab
1318 1051 1444 1100 insula
1464 1053 1686 1103 inhoneste
1708 1053 1885 1122 expulsi.
1931 1058 2048 1104 Cum
2058 1055 2269 1102 Arretinis

515 1131 756 1182 pugnatum
768 1152 779 1165 .
816 1121 954 1168 Praesti
966 1154 977 1167 .
988 1122 1208 1169 Arretium
1219 1119 1424 1169 obsessum
1437 1156 1449 1167 .

1134 1192 1265 1238 Anno
1277 1191 1344 1236 cio
1355 1191 1612 1238 ioccccxxxii
1613 1209 1643 1253 J

582 1256 732 1301 Benno
745 1255 930 1302 Atriario
942 1258 1192 1305 Lucumone
1202 1291 1216 1314 ,
1227 1256 1577 1306 Vulterranenses
1589 1257 1612 1306 ὲ
1626 1260 1868 1324 Campania
1889 1261 2054 1325 magnis
2073 1256 2268 1308 cladibus

512 1321 637 1368 eiecti
650 1356 660 1368 .
696 1325 852 1369 Latinis
862 1325 1002 1372 omnis
1014 1342 1089 1372 ora
1100 1340 1211 1373 trans
1224 1326 1397 1372 fluuium
1411 1327 1667 1374 Vulturnum
1679 1327 1876 1376 concessa
1889 1363 1899 1375 .
1913 1329 2170 1375 Vulturnum
2180 1361 2194 1384 ‚
2205 1328 2269 1374 in-

509 1404 676 1437 ternum
686 1424 699 1447 ,
712 1397 756 1438 &
767 1395 906 1440 Cuma
918 1391 941 1441 εὶ
951 1393 1157 1441 Perusrnis
1166 1427 1179 1451 ,
1192 1400 1236 1443 &
1249 1392 1374 1455 socijs
1386 1409 1624 1459 occupata.
1638 1397 1748 1444 Ah‘ae
1763 1398 1960 1444 Coloniae
1982 1399 2024 1444 in
2034 1396 2270 1445 Partheno-

508 1457 660 1524 penses
671 1493 683 1515 ‚
695 1461 938 1509 Picentinos
947 1494 960 1517 ,
973 1467 1017 1508 &
1026 1464 1222 1511 Lucanos
1234 1460 1368 1510 diuisae
1379 1497 1389 1509 .
1403 1464 1643 1511 Vulterrani
1655 1464 1710 1511 ab
1730 1468 1939 1514 Arretinis
1950 1466 2095 1514 reiecti
2109 1500 2120 1510 .
2139 1469 2182 1512 A
2191 1467 2270 1512 La-

514 1528 612 1573 tinis
623 1531 745 1574 Caere
758 1543 884 1594 capta
895 1564 906 1574 .
942 1534 984 1577 A
996 1529 1252 1579 Veientibus
1262 1532 1371 1578 Veie
1383 1530 1553 1581 defensa
1567 1567 1578 1578 .
1614 1535 1836 1581 Arretium
1855 1537 2010 1582 iterum
2030 1531 2242 1582 obsessum
2255 1567 2268 1581 .

513 1598 629 1643 Inter
639 1599 669 1643 F
674 1595 875 1645 esulenses
887 1596 1158 1648 dissensiones
1170 1634 1180 1645 .
1215 1602 1350 1646 Latini
1363 1602 1572 1648 Arretinis
1583 1602 1763 1648 auxiliati
1774 1636 1786 1649 .

1137 1673 1271 1716 Anno
1284 1669 1350 1715 cio
1362 1671 1646 1731 ioccccxxxjv.

577 1732 696 1778 Pailo
709 1735 924 1782 Burniano
934 1736 1186 1783 Lucumone
1197 1769 1210 1793 ‚
1222 1739 1452 1785 Ancironae
1464 1736 1487 1783 ἐι
1498 1736 1736 1785 Lalartibus
1749 1737 1773 1787 a
1787 1737 1895 1786 Silua
1906 1734 2151 1786 Nemorosa
2161 1771 2174 1796 ‚
2187 1734 2268 1787 διὰ

510 1803 665 1848 Monte
678 1801 890 1850 Brodonae
901 1818 1077 1851 remotae
1086 1829 1102 1855 ,-
1111 1806 1155 1852 in
1164 1819 1249 1854 tres
1257 1819 1401 1871 partes
1413 1804 1550 1854 diuisae
1565 1840 1577 1864 ,
1594 1807 1690 1854 &in
1702 1805 1822 1851 Vrbe
1834 1808 1877 1852 in
1886 1806 2077 1872 Templo
2089 1808 2266 1864 Aretiae,

510 1870 551 1913 in
561 1868 749 1933 Templo
763 1872 936 1917 Iunonis
946 1904 958 1927 ,
980 1876 1025 1919 δε
1034 1874 1077 1919 in
1087 1872 1275 1937 Templo
1287 1874 1453 1923 Rethr'ae
1476 1874 1749 1919 Voltumenae
1768 1873 1989 1923 collocatae
2000 1911 2011 1922 .
2046 1874 2121 1923 Ad
2140 1891 2268 1923 mon-

510 1950 598 1981 tem
613 1938 653 1983 in
666 1954 812 1985 earum
824 1938 968 1985 locum
980 1941 1160 2005 Equites
1169 1940 1273 1985 nu‘ffi
1286 1974 1296 1984 .
1333 1941 1460 1986 Extra
1479 1940 1652 1988 Portam
1667 1940 1775 1989 Solis
1787 1944 1830 1988 in
1852 1946 2012 1991 Monte
2034 1944 2128 1992 Itali
2147 1941 2267 2009 apud

510 2004 742 2067 Templum
754 2005 935 2070 Hesperi
956 2010 1122 2057 Vallum
1138 2006 1390 2056 aedificatum
1402 2043 1413 2054 .
1450 2005 1630 2053 Thuscia
1642 2008 1772 2052 etiam
1786 2003 1841 2052 ab
1853 2019 2033 2051 annonae
2046 2015 2266 2049 cantata)

514 2087 660 2119 vexata
673 2107 682 2118 .
719 2073 849 2121 Rethi
851 2077 866 2135 j
871 2106 883 2129 ,
897 2090 941 2120 oc
951 2074 1298 2123 Mediolanenses
1311 2075 1578 2123 Vulterranis
1589 2099 1605 2124 ,-
1614 2076 1891 2123 Rauennates
1901 2106 1914 2128 ‚
1927 2078 1971 2120 &
1982 2067 2265 2118 Eridanenses

511 2139 715 2187 Perusinis
726 2158 881 2205 opem.
894 2144 1094 2190 Exercitu
1106 2160 1159 2190 ex
1169 2159 1346 2209 Vtraque
1359 2156 1479 2207 parte
1492 2145 1631 2198 audio,
1642 2143 1832 2208 praelium
1843 2143 1992 2188 initum
2003 2164 2018 2190 ,-
2037 2138 2157 2205 quod
2168 2155 2265 2186 om-

509 2207 632 2269 nibus
646 2209 787 2256 infelix
800 2245 810 2256 .
849 2211 1094 2260 Vulterrani
1104 2211 1290 2260 Clufium
1302 2230 1317 2266 ς
1328 2210 1512 2259 Perusini
1522 2215 1767 2259 Cortonam
1779 2245 1791 2258 .
1826 2210 1966 2258 Pailus
1975 2205 2079 2275 ipse,
2092 2207 2263 2256 Vulter-

508 2293 631 2325 ranus
641 2280 866 2328 Lucumon
877 2278 1082 2335 ‚Fesulam
1102 2279 1155 2328 ad
1167 2279 1437 2328 dissensiones
1448 2279 1655 2328 sedandas
1665 2314 1676 2327 .

1141 2353 1272 2397 Anno
1284 2351 1349 2396 cio
1360 2351 1632 2396 iaccccxxxv.

572 2414 762 2461 Hercule
775 2419 929 2463 Mauro
940 2418 1194 2465 Lucumone
1205 2452 1218 2474 ,
1231 2420 1440 2465 Veientes
1453 2415 1669 2464 discordes
1680 2415 1859 2481 superati
1873 2412 1896 2461 ὲ
1908 2415 2064 2462 Latinis
2075 2449 2086 2460 .
2122 2411 2258 2478 Apud

504 2480 695 2528 Clusium
706 2499 943 2548 pugnatum
955 2519 966 2532 .
987 2489 1030 2533 Α
1042 2486 1303 2533 Vulterranis
1317 2484 1549 2533 victoribus
1563 2489 1759 2533 Cortona
1770 2481 1930 2531 obsessa
1943 2518 1954 2529 .
1989 2486 2025 2530 E
2037 2484 2159 2529 Latio
2178 2498 2260 2530 no-

505 2565 580 2595 uus
592 2550 713 2598 miles
725 2586 735 2597 .
772 2555 970 2601 Cortona
982 2552 1202 2601 obsidione
1213 2553 1613 2603 liberatavnlterrae
1624 2557 1734 2601 inter
1751 2553 1977 2599 Petronios
1986 2584 1999 2607 ,
2020 2555 2065 2597 &
2083 2548 2259 2599 Voltur-

505 2633 628 2664 renos
652 2618 705 2666 ad
717 2619 881 2666 fontem
895 2624 1058 2668 Montis
1072 2623 1164 2671 Itali
1178 2638 1289 2670 extra
1303 2626 1476 2670 Portam
1491 2623 1598 2670 Solis
1609 2622 1859 2670 dimicatum
1869 2654 1880 2666 .
1893 2621 2100 2688 anue
2112 2621 2259 2672 exPe-

505 2688 616 2732 troni
617 2690 632 2748 j
637 2703 655 2733 s
667 2687 794 2735 occifi
807 2723 818 2734 .
834 2692 984 2737 Duces
1003 2689 1218 2737 seditionis
1230 2690 1417 2739 damnati
1427 2716 1442 2742 ,-
1452 2692 1504 2739 ali
1507 2695 1520 2754 j
1533 2692 1712 2757 relegati
1723 2725 1735 2739 .

1131 2764 1262 2807 Anno
1275 2762 1339 2806 εἰς)
1351 2762 1496 2807 ἰοεςςε
1508 2763 1642 2823 xxxvj.

575 2825 790 2870 Amuccio
801 2823 996 2871 Fidentio
1008 2828 1270 2883 Lucumone,
1283 2829 1597 2884 Cortona,licet
1608 2843 1762 2892 magna
1772 2823 2159 2875 Vulterranensium
2169 2822 2258 2872 cla·

506 2887 561 2935 de
573 2924 585 2946 ,
597 2906 722 2955 capta
737 2927 747 2937 .
787 2896 901 2947 Duci
915 2895 1030 2940 Fullo
1044 2910 1216 2942 mortuo
1231 2901 1395 2943 Bennus
1408 2898 1611 2943 Atriarius
1622 2895 1870 2961 subrogatus
1882 2933 1892 2943 .
1906 2891 2025 2943 Illico
2035 2895 2082 2942 in
2092 2895 2235 2942 Arreti

505 2973 582 3006 nos
594 2962 826 3008 exercitum
838 2997 848 3009 .
886 2965 1050 3016 Verum
1064 2963 1086 3008 :i
1100 2963 1301 3011 Perusinis
1312 2963 1526 3029 aggressus
1537 2990 1551 3015 ,-
1565 2971 1609 3012 &
1620 2967 1859 3012 Cortonam
1871 2960 2060 3012 reuersus
2072 2997 2083 3008 .

2055 3122 2186 3165 Anno
