2406 3580
306 265 530 274 Ἣ...-
534 267 613 272 *****
614 266 681 272 ww>

537 315 566 355 2
585 308 606 370 5
622 313 664 355 ο
683 263 1324 360 wffihrusc.
1343 282 1578 386 Antiq.
1596 281 1859 386 Fragm.

303 459 306 465 ,
596 407 667 455 sub
680 408 779 476 fuga
799 406 952 456 insidiae
971 419 1168 455 manent.

302 490 307 523 ῑ
595 475 791 524 Hostium
804 477 970 522 animos
980 489 1219 540 prouocare
1229 507 1243 531 2
1262 487 1305 520 vt
1325 472 1527 524 fortiores
1536 505 1552 523 ,
1573 476 1617 517 &
1629 470 1949 536 peruicaciores·
1956 472 2183 531 eueniant,
2196 474 2281 520 iin-

303 545 306 555 ’
533 545 666 611 prude
676 548 754 590 ntis
765 543 825 590 est
837 577 846 588 .
986 541 989 543 ’

601 617 843 673 Imperator
853 626 990 657 Vtatur
1003 611 1138 674 magis
1149 611 1327 679 ingenio
1337 643 1350 667 ,
1362 625 1495 675 quam
1506 623 1692 674 corpore
1703 631 1719 657 ,-
1728 606 1850 676 plura
1871 608 1985 655 enirn
2006 607 2289 674 perficiuntur

533 681 707 729 consilio
721 716 734 731 2
749 697 876 743 quain
888 682 925 724 vi
937 695 1152 725 armorum
1166 713 1174 721 .

601 752 698 795 Dux
711 749 887 794 militum
900 748 1109 795 voluntati
1121 765 1133 801 3
1154 750 1248 795 Rex
1269 746 1531 811 populorum
1551 743 1760 793 desiderio
1771 762 1784 799 3
1805 747 1966 792 Praetor
1985 746 2143 795 ciuium
2153 748 2267 796 mori

532 817 612 865 bus
624 817 663 864 se
675 815 952 870 accomodet3
963 818 1085 862 Nam
1098 816 1168 879 qui
1183 814 1329 862 odium
1343 813 1519 861 seminat
1529 849 1541 871 ,
1555 831 1641 862 non
1654 827 1788 860 metet
1798 830 1992 862 amorem
2003 850 2015 860 .

601 885 803 951 Insipiens
816 884 967 949 plebes
979 882 1136 948 gaudet
1147 900 1262 930 nouo
1277 888 1560 947 Imperatore,
1573 883 1763 947 quamuis
1775 883 1889 929 malo
1902 917 1912 928 .

298 998 301 1021 a
601 955 811 1001 Veterani
827 954 983 999 milites
996 950 1253 998 adolescenti
1275 954 1531 1017 imperatori
1544 950 1724 998 obedire
1745 950 2052 1016 dedignantur.

295 1025 302 1102 i
401 1047 447 1090 A
602 1023 788 1069 Militum
799 1023 964 1068 animus
977 1020 1100 1067 donis
1112 1019 1165 1067 ad
1201 1022 1344 1068 uiritur
1355 1039 1367 1074 3
1380 1020 1529 1085 populi
1540 1018 1710 1083 opibus3
1729 1019 1868 1083 plebis
1880 1036 2065 1077 annona3
2076 1019 2287 1070 nobilium

535 1090 774 1137 honoribus
785 1108 798 1145 3
811 1096 854 1138 ὃ(
866 1091 1057 1136 omnium
1070 1038 1286 1150 blanditijs
1299 1123 1312 1141 ,i
1323 1095 1366 1136 ὃ(
1379 1091 1446 1135 oci
1451 1092 1462 1149 j
1478 1087 1765 1135 deleelatione
1777 1127 1788 1138 .

601 1160 729 1210 Miles
740 1192 752 1215 ,
763 1159 838 1224 qui
849 1157 1014 1207 duston,
1024 1191 1037 1214 ,
1059 1164 1102 1204 δέ
1112 1156 1415 1204 Mediastutieo
1436 1174 1523 1203 non
1544 1156 1821 1220 obtemperat
1838 1159 1981 1222 capite
2001 1156 2252 1205 damnetur.-

537 1230 623 1293 Q
634 1227 852 1274 duetorem
864 1225 982 1272 suum
996 1227 1233 1290 reliquerit:
1259 1227 1333 1271 “mi
1346 1225 1488 1289 fugam
1503 1226 1722 1289 arripuerit
1735 1243 1744 1270 ε
1759 1227 1845 1289 Qi
1857 1223 2109 1273 seditionem
2124 1227 2264 1273 excita
2284 1251 2288 1254 -

535 1300 643 1346 uerit
653 1295 795 1363 gladio
808 1293 1066 1345 occidendus
1078 1293 1159 1343 est:
1176 1296 1263 1361 Qi
1281 1292 1382 1344 vero
1395 1293 1544 1363 sponte
1557 1292 1612 1343 ad
1623 1292 1755 1342 castra
1768 1293 1953 1353 redierit,
1965 1296 2105 1363 flagris
2117 1310 2287 1343 tantum

602 1364 788 1413 caedatur
799 1400 810 1411 .

298 1466 308 1503 ¹·
601 1436 688 1496 Qi
701 1449 818 1481 metu
831 1432 1013 1480 hostium
1028 1450 1184 1498 regrum
1198 1432 1236 1480 se
1250 1432 1414 1481 fimulat
1424 1467 1436 1491 ,
1448 1447 1496 1480 vt
1506 1431 1705 1497 proditor
1715 1431 1954 1497 puniendus
1966 1431 2026 1480 est
2038 1467 2050 1478 .

600 1506 716 1567 Fuga
727 1500 894 1549 suorum
905 1504 1057 1550 maiori
1078 1502 1272 1552 molestia
1292 1501 1424 1553 afficit
1445 1505 1734 1566 Imperatores
1748 1535 1762 1559 2
1786 1519 1916 1569 quam
1947 1501 2128 1549 hostium
2151 1503 2288 1551 vieto-

533 1587 622 1618 ηερ
635 1605 644 1614 .
1641 1616 1650 1629 ,

599 1641 718 1704 Ciuis
727 1674 739 1697 ,
751 1641 878 1705 quiin
893 1638 1160 1704 Reipublicae
1171 1635 1605 1697 neceffitatibusfium
1617 1655 1733 1688 arma
1745 1636 1904 1686 sumere
1914 1634 2058 1704 possit,
2069 1644 2113 1688 &
2124 1656 2215 1688 non
2224 1638 2287 1688 su-

395 1729 434 1773 B
532 1708 630 1765 mit,
643 1724 690 1756 vt
702 1707 900 1773 proditor
911 1708 1149 1755 habeatur.

597 1780 725 1824 Pacta
737 1811 749 1833 ,
764 1775 892 1832 fides,
905 1781 946 1822 ὅ(
960 1775 1141 1823 inducite
1155 1792 1254 1822 cum
1266 1774 1456 1822 hostibus
1467 1773 1617 1823 seruari
1630 1774 1812 1822 debent.

598 1847 717 1892 Prius
727 1845 801 1892 sub
812 1844 1021 1892 ditionem
1034 1844 1302 1912 redigantur,
1316 1850 1359 1892 &
1370 1843 1626 1911 castigentur
1637 1845 1712 1912 qui
1723 1843 1969 1893 defecerant
1981 1878 1994 1903 ,
2009 1861 2141 1913 quam
2153 1863 2289 1895 cum.»

533 1915 624 1977 alijs
638 1912 864 1960 dimicetur
875 1948 887 1960 .

597 1983 823 2030 Nonnulla
835 1980 924 2028 sunt
936 1980 1168 2030 metuenda
1178 2006 1193 2033 ‚-
1209 1979 1280 2029 sed
1293 1980 1394 2028 nihil
1405 1979 1684 2048 spernendum
1696 2015 1707 2026 2

598 2052 752 2099 Timor
764 2067 910 2098 amore
923 2050 984 2097 est
996 2050 1170 2097 fortior.

598 2122 751 2167 Nimia
766 2118 858 2184 spes
871 2118 1037 2183 semper
1051 2116 1252 2165 damnosa
1264 2152 1275 2164 .

606 2187 786 2235 Insolitae
798 2187 1012 2234 blanditiae
1024 2188 1236 2243 timorem,
1250 2203 1336 2233 non
1347 2186 1460 2251 spem
1472 2186 1671 2235 afferunt.

602 2256 764 2304 Melior
775 2255 834 2302 est
846 2254 1024 2320 praesens
1039 2254 1180 2302 secura
1190 2254 1361 2302 seruitus
1371 2289 1384 2306 2
1395 2273 1525 2321 quarn
1538 2258 1711 2320 antiqua
1723 2254 1903 2302 libertas
1913 2254 2148 2320 periculosa
2159 2291 2171 2303 .

603 2325 759 2372 Melius
770 2323 829 2371 est
841 2322 1071 2387 prudenter
1080 2341 1233 2388 pacem
1247 2323 1415 2370 firmare
1426 2358 1439 2381 ,
1459 2342 1590 2391 quam
1601 2324 1767 2372 fortiter
1787 2324 1947 2372 bellum
1967 2324 2183 2372 conficere
2196 2359 2207 2371 .

603 2393 759 2440 Melius
777 2391 835 2438 est
846 2391 1001 2439 bellum
1015 2426 1028 2449 ,
1040 2409 1171 2457 quam
1181 2391 1320 2439 infelix
1331 2409 1414 2458 pax
1425 2427 1436 2440 .

397 2479 442 2525 C
602 2464 691 2508 Pax
702 2460 818 2508 bello
829 2459 1100 2508 conseruatur
1110 2495 1122 2506 .

604 2530 721 2576 Bella
735 2531 854 2592 pacis
865 2528 987 2576 causa
1008 2543 1213 2594 geruntur
1223 2563 1235 2575 .

601 2595 797 2645 Affeetus
815 2596 946 2646 nostri
955 2631 969 2656 ‚
989 2599 1205 2664 animique
1225 2596 1381 2647 indicia
1401 2599 1594 2665 quamuis
1612 2599 1764 2648 caelare
1785 2615 1980 2647 curemus
1989 2631 2004 2657 ‚
2032 2615 2120 2646 non
2138 2596 2280 2665 possu-

528 2682 641 2713 mus.

594 2736 769 2782 Femina
780 2735 938 2800 aliquid
951 2735 1215 2785 abscondere
1227 2737 1356 2795 nolit,
1368 2734 1513 2794 nescit,
1524 2737 1695 2803 nequit.

599 2805 819 2851 Simulatio
831 2821 919 2851 non
932 2806 1045 2853 celat
1056 2804 1234 2853 affeetus
1245 2840 1257 2852 .

593 2873 829 2919 AEmulatio
840 2906 854 2930 ‚
865 2878 909 2920 ὅ]
919 2890 1041 2921 amor
1054 2875 1146 2939 plus
1157 2875 1317 2930 valent,
1327 2890 1456 2939 quam
1467 2875 1587 2940 leges
1599 2889 1724 2938 poena
1734 2905 1747 2931 2
1758 2875 1831 2924 vel
1843 2876 2000 2924 timon

594 2939 773 2989 Gaudio
784 2942 974 3009 iungitur
985 2943 1136 2997 dolorj
1147 2945 1361 3011 voluptati
1376 2978 1387 2990 .
1423 2949 1445 2970 *
1479 2950 1500 2971 *
1535 2948 1564 2973 ὕ
1596 2947 1618 2968 *

2129 3105 2210 3151 qu
