2406 3580
95 290 2072 322 mmm—,ffl-

719 307 922 385 Liber
974 313 1250 390 Primus.
1741 333 1840 414 67

82 436 214 499 legati
223 433 280 482 ad
291 434 467 481 Illiricos
478 430 518 479 se
530 430 782 488 conferunt,
795 435 868 497 qui
882 435 1116 483 Volceram
1138 438 1490 486 Vulterranorum
1511 442 1745 492 Coloniam
1756 445 1836 492 ob-

62 499 66 546 i
82 500 275 549 sidebant
284 503 327 548 in
338 499 495 548 Histria
505 533 519 557 ‚
532 505 575 547 &
587 516 686 546 cum
698 501 759 546 eis
769 502 884 564 pasti
895 499 988 548 sunt
997 536 1012 555 ,
1025 517 1072 551 vt
1091 505 1157 551 cio
1170 507 1223 553 io.
1235 506 1364 571 Gorg
1374 510 1568 572 acceptis
1577 544 1594 564 ,
1613 510 1784 561 claffem
1793 516 1837 561 in

82 568 455 636 Transapenninos
465 602 480 626 ‚
490 568 688 615 Colonos
698 566 960 616 Thuscorum
969 602 982 625 ‚
995 572 1070 635 qui
1081 588 1162 636 pro
1174 574 1439 622 Vulterranis
1451 592 1538 626 non
1549 576 1681 628 effent
1690 614 1703 637 ,
1714 598 1838 647 para-

83 652 200 690 rent5
212 644 254 686 &
266 654 364 686 eam
373 651 542 703 partem
552 634 736 692 Histriae,
746 652 879 700 quam
890 653 1212 702 occupauerant
1222 644 1466 691 retinerent:
1480 646 1713 696 Volceram
1725 649 1836 698 obfi-

83 706 213 754 dione
224 706 457 754 liberarent
467 739 478 750 .
515 707 628 752 Item
639 705 730 766 alijS
740 703 891 752 Histris
900 704 1145 754 libertatem
1155 713 1434 774 promittunt,
1453 712 1482 760 fi
1494 715 1754 766 Vulterranis
1778 718 1837 765 fa-

85 790 235 823 uerent
246 810 256 820 .
291 775 492 838 Plerique
500 775 772 820 Henetorum
784 773 1046 822 Vulterranis
1065 775 1304 826 adhaerent:
1326 783 1459 842 ceteri
1477 783 1604 830 Larth
1615 819 1627 830 .
1666 786 1837 834 Vultur-

85 844 339 891 nusinterim
350 842 455 889 alios
464 841 632 906 legatos
643 856 741 887 cum
753 841 1002 906 ingentibus
1014 845 1259 893 muneribus
1270 846 1325 894 ad
1334 851 1631 899 Lucumonem
1642 856 1673 900 F
1677 852 1836 901 esulen—

83 910 168 959 sem
178 945 192 969 ,
203 907 454 967 Lunensem,
464 908 677 974 Populoni
682 906 823 956 ensem
835 908 1076 975 deprecans
1087 927 1227 970 eos‚vt
1236 913 1370 980 ipsum
1380 916 1598 966 adiuuent.
1622 922 1743 969 Vnus
1753 925 1835 970 Po-

85 977 343 1044 puloniensis
352 980 579 1025 Lucumon
587 973 702 1024 suam
713 993 848 1041 opem
858 980 1087 1043 promittit:
1099 980 1152 1028 ali
1153 983 1169 1043 j
1190 998 1270 1029 nec
1283 1000 1458 1033 munera
1467 1019 1483 1043 ,
1501 1002 1582 1034 nec
1592 987 1759 1054 legatos
1768 1008 1834 1037 re-

83 1049 264 1113 cipiunt.
278 1050 392 1094 Item
401 1062 482 1111 per
490 1045 661 1111 legatos
672 1043 891 1094 Meffanos
900 1080 914 1104 ‚
925 1049 1195 1112 Capuntinos
1204 1083 1219 1107 ,
1230 1052 1539 1102 Panormenses
1549 1088 1563 1112 ,
1574 1061 1619 1104 &
1629 1059 1835 1107 Catanios

83 1116 286 1173 hortatur,
298 1120 343 1162 &
353 1128 447 1162 orat
458 1127 611 1162 contra
620 1112 769 1161 Larth:
782 1112 977 1173 Meffani,
990 1121 1034 1163 &
1045 1119 1199 1165 Catani
1200 1123 1216 1181 j
1226 1120 1487 1170 Vulterranis
1499 1121 1643 1172 fauere
1653 1128 1835 1189 promit-

84 1198 199 1232 tunt:
212 1183 470 1249 Capuntini‚
482 1180 846 1230 &Panormenses
856 1199 939 1231 nec
960 1183 1032 1231 vlli
1044 1182 1190 1233 fauere
1202 1219 1217 1244 ,
1228 1203 1309 1235 nec
1322 1186 1505 1238 obedire
1525 1192 1638 1240 velle
1658 1192 1817 1258 respon

82 1252 208 1301 dent:
223 1250 413 1315 Siracufij
434 1252 643 1298 Arretinis
654 1249 873 1298 adhaerent
882 1287 894 1298 .
932 1252 1069 1300 AEtoli
1079 1286 1092 1310 ‚
1115 1259 1160 1300 δε
1171 1258 1288 1302 Bruti
1289 1260 1304 1319 j
1323 1258 1366 1304 in
1384 1258 1835 1310 Lacedemoniorum„

82 1318 205 1369 classe
214 1354 228 1378 ‚
240 1336 373 1386 quam
383 1353 396 1377 ‚
406 1333 454 1369 vt
464 1336 541 1367 eos
557 1316 582 1366 ὲ
592 1316 767 1366 Thuscis
778 1317 1037 1368 defenderet
1046 1355 1062 1373 ,
1073 1320 1159 1369 soci
1160 1324 1175 1386 j
1186 1325 1298 1372 Lace
1304 1324 1494 1390 demonij
1506 1326 1719 1387 miserant,
1731 1347 1816 1378 con

83 1388 142 1437 fisi
154 1389 179 1436 εὶ
188 1386 455 1437 Thuscorum
465 1388 651 1452 imperio
663 1386 875 1436 deficiunt
886 1423 897 1434 .
909 1389 1037 1435 Larth
1056 1391 1213 1437 iterum
1225 1394 1445 1441 Arretium
1454 1409 1600 1460 patres
1619 1414 1839 1446 conuocat

82 1456 136 1506 ad
146 1458 414 1506 Concilium:
437 1470 589 1504 contra
601 1455 862 1503 Vulturnum
872 1490 888 1514 ‚
901 1461 946 1504 &
969 1458 1252 1507 Vulterranos
1271 1459 1534 1511 deliberatur
1544 1499 1557 1511 .
1593 1464 1736 1514 Osnus
1754 1468 1838 1514 Ni-

81 1525 267 1575 corosius
277 1526 503 1574 Arretinus
512 1523 615 1571 belli
626 1522 709 1571 dux
721 1525 892 1589 eligitur
903 1560 914 1571 .
925 1527 1080 1574 Naues
1090 1525 1115 1574 ὲ
1125 1527 1382 1578 Thuscinato
1394 1546 1659 1590 reuocantur‚
1671 1539 1716 1581 &
1725 1536 1838 1584 Gra-

82 1593 202 1644 uiscae
214 1610 389 1642 manere
401 1592 600 1642 iubentur
612 1610 625 1648 3
639 1595 743 1639 item
754 1592 810 1640 ab
821 1593 961 1641 Adria
973 1593 1210 1654 discedere,
1222 1602 1267 1645 &
1277 1597 1394 1663 apud
1403 1601 1682 1650 Rauennates
1693 1620 1838 1651 mane-

80 1681 124 1712 re
135 1689 150 1715 ,-
160 1663 403 1712 Vulterrani
413 1678 602 1728 namque
612 1694 626 1719 ‚
637 1659 692 1708 ne
704 1676 767 1708 eae
777 1663 821 1708 in
832 1662 1011 1710 Illiricos
1021 1666 1287 1730 nauigarent,
1298 1665 1626 1732 prohibuerunt:
1639 1668 1712 1718 sed
1721 1687 1837 1718 nunc

83 1735 211 1781 etiam
221 1731 408 1795 Concilij
420 1730 642 1778 decretum
656 1729 1027 1796 contempserunt,
1039 1748 1139 1780 nam
1151 1733 1386 1784 Vulturnus
1396 1739 1602 1802 praecepit
1611 1738 1812 1787 praefestis
1822 1773 1838 1793 ,

81 1800 135 1850 ne
149 1797 443 1848 :JiThuscinato
453 1833 468 1852 ,
485 1799 555 1846 vel
567 1797 623 1846 ab
634 1796 769 1847 Adria
779 1816 912 1848 naues
923 1800 1028 1848 vllas
1050 1799 1273 1852 discedere
1293 1802 1477 1852 sinerent
1487 1838 1498 1851 .
1532 1807 1759 1854 Lucumon
1769 1823 1839 1854 1³0-

82 1868 340 1935 puloniensis
351 1866 375 1915 ὲ
385 1868 588 1916 Concilio
600 1883 778 1915 munere
788 1870 977 1933 priuatur
986 1903 999 1926 ‚
1011 1875 1057 1917 &
1066 1870 1122 1918 ad
1133 1869 1388 1920 exulandum
1407 1870 1632 1922 damnatur
1642 1910 1654 1922 .
1673 1875 1837 1922 Coloni

80 1939 432 1986 Vulterranorum
443 1953 499 1984 eo
510 1934 633 2003 quod
642 1935 783 1994 Larth‚
795 1942 839 1985 &
850 1938 1023 1986 Concili
1023 1941 1038 2001 j
1049 1940 1234 2004 imperio
1243 1956 1332 1987 non
1341 1938 1706 2008 obtemperassent
1717 1940 1742 1990 ὲ
1751 1943 1843 1991 (Ξό-

82 2008 184 2055 cilio
205 2007 393 2054 mulctati
403 2003 494 2053 sunt
503 2040 514 2052 .
551 2003 758 2072 Magister
778 2007 995 2072 Equitum,
1015 2013 1061 2058 &
1072 2011 1194 2056 Sares
1204 2009 1249 2056 in
1260 2009 1461 2057 Concilio
1472 2012 1676 2059 Arretino
1687 2013 1841 2060 creati.

83 2080 253 2125 Contra
264 2075 434 2123 AEtolos
444 2076 624 2122 Lucanis
634 2109 649 2127 ,
661 2072 1067 2141 parthenopensibus
1074 2110 1089 2135 ,
1101 2081 1146 2124 &
1156 2078 1376 2124 Picentinis
1385 2110 1399 2134 ,
1419 2082 1710 2128 vtexercitum
1719 2097 1841 2145 para-

85 2163 129 2194 re
135 2160 194 2202 nt,
207 2143 457 2192 Concilium
478 2142 661 2190 mandat
671 2177 682 2190 .
727 2145 889 2192 Praetori
908 2144 1091 2194 Felfiniae
1099 2179 1115 2203 ,
1132 2144 1459 2195 Rauennatibus
1467 2179 1481 2204 ‚
1509 2151 1586 2196 Me
1592 2146 1842 2196 diolanenfi-

84 2213 164 2262 bus
173 2248 187 2272 ‚
198 2219 242 2261 δε
258 2211 435 2260 Vmbris
447 2208 714 2260 commissum
727 2244 741 2267 ,
750 2225 799 2260 vt
811 2211 999 2261 Rhetios
1013 2212 1325 2265 defenderents
1334 2230 1485 2262 verum
1496 2213 1711 2263 Vindelici
1722 2216 1821 2267 Rhe

84 2285 188 2332 tiam
207 2294 531 2346 occupauerant
541 2314 554 2337 ,
566 2285 611 2327 &
629 2279 813 2328 Adulaci
824 2278 975 2346 sponte
997 2282 1265 2331 Vulterranis
1284 2280 1325 2330 se
1336 2282 1551 2331 dederant
1560 2318 1571 2330 .
1608 2283 1843 2332 Vulturnus

85 2353 129 2398 in
138 2352 320 2415 Ciprum
328 2351 482 2398 Naues
494 2348 548 2397 ad
559 2347 820 2396 frumentum
839 2349 1133 2398 coemendum
1146 2350 1252 2398 misit
1260 2384 1274 2408 ‚
1295 2364 1338 2398 et
1349 2351 1373 2399 e
1386 2350 1525 2400 Sicilia
1535 2350 1724 2400 biremes
1735 2369 1843 2399 onu-

86 2419 167 2468 stas
177 2416 404 2467 transduxit
416 2453 427 2465 .
462 2415 710 2482 Auguribus
728 2417 950 2465 mandauit
958 2451 973 2475 ,
992 2417 1048 2466 ne
1069 2418 1127 2467 de
1137 2418 1221 2466 hoc
1242 2418 1359 2467 bello
1370 2434 1672 2484 augurarentur
1680 2444 1696 2470 ,-
1715 2434 1760 2468 et
1770 2421 1843 2486 qui

88 2490 176 2541 eius
187 2488 369 2537 decreto
381 2504 470 2535 non
479 2483 818 2550 obtemperasset
831 2484 855 2533 ὲ
866 2485 1081 2534 moenibus
1092 2486 1162 2534 dei
1164 2489 1318 2551 jciatur
1327 2523 1337 2533 .
1351 2487 1571 2548 prefet‘tus,
1582 2502 1626 2536 et
1635 2487 1844 2553 Magister

89 2556 273 2614 obstant,
285 2557 360 2622 qui
370 2555 521 2621 postea
540 2554 781 2602 vulturnum
793 2556 991 2603 timentes
1002 2558 1220 2602 Arretium
1232 2554 1605 2621 confugerunt‚vbi
1616 2555 1727 2603 aliud
1737 2556 1843 2603 Col-

88 2626 250 2691 legium
261 2630 487 2690 Augurum
498 2621 726 2670 instituunt.
739 2623 936 2670 vulterrae
946 2638 1092 2670 autem
1103 2624 1208 2670 alius
1219 2623 1447 2672 Praefecirus
1457 2657 1470 2682 ,
1483 2638 1527 2671 et
1537 2623 1745 2690 Magister
1755 2625 1843 2671 ele-
1941 2650 1983 2695 C

90 2696 146 2741 <sti
157 2729 166 2738 .
176 2694 391 2740 vulturnus
403 2692 583 2740 Colonis
593 2689 813 2739 dimidiam
824 2690 965 2743 tributi
976 2706 1143 2757 partem
1156 2693 1303 2738 minuit
1313 2710 1325 2747 3
1337 2694 1521 2739 Ennium
1540 2694 1781 2739 Cecinnam
1792 2691 1834 2738 fi-

91 2763 195 2810 lium
205 2762 308 2809 belli
319 2760 473 2808 ducem
483 2761 766 2825 elegit,Ciues
778 2776 932 2807 omnes
944 2758 969 2806 εἰ
979 2758 1178 2824 xx.vsque
1191 2759 1245 2806 ad
1259 2762 1368 2821 xrvij
1380 2776 1534 2807 annum
1545 2777 1663 2807 arma
1674 2759 1837 2807 sumere

91 2830 213 2878 iubet
223 2865 234 2877 .
271 2830 420 2877 Cirnei
429 2862 442 2886 ‚
454 2844 498 2877 et
509 2826 627 2877 Sardi
637 2827 889 2876 vulterranis
909 2844 1043 2892 opem
1064 2826 1203 2874 ferunt
1213 2862 1224 2873 .
1269 2827 1445 2875 Messani
1455 2861 1469 2884 ,
1480 2828 1682 2876 Catanios
1693 2843 1839 2875 contra

93 2896 318 2949 Siracusios
328 2896 528 2946 adiuuant
538 2931 550 2943 .
585 2897 766 2952 Lucani,
780 2901 824 2942 &
834 2893 937 2956 socij
950 2894 1005 2942 ab
1021 2898 1203 2947 AEnetis)
1219 2902 1262 2942 &
1274 2895 1605 2958 Lacedemonijs
1617 2896 1816 2960 fugantur
1827 2931 1838 2943 .

94 2967 296 3020 Vulturni
308 2965 457 3014 coloni
470 2963 752 3013 &Lucumone
765 2963 970 3010 Perusino
984 2997 998 3015 ,
1012 2969 1056 3010 &
1077 2961 1100 3008 :i
1112 2965 1275 3010 caeteris
1286 2965 1537 3028 Campaniae
1555 2964 1740 3025 colonijs
1759 2963 1840 3010 ob-

92 3034 278 3087 fidentur
291 3069 303 3080 .
321 3038 358 3081 E
369 3033 542 3081 Felfinia
551 3031 765 3079 Tribunus
775 3033 1055 3077 Vulterranus
1067 3032 1241 3077 eiecitus:
1254 3048 1410 3078 verum
1421 3036 1610 3079 Mantuae
1620 3030 1816 3079 Praefeffl
1827 3065 1839 3089 ,

1639 3123 1684 3164 &
1694 3122 1778 3164 Ar-
