2406 3580
524 277 662 368 248
998 267 1303 348 Ethrusc.
1322 271 1558 377 Antiq.
1577 252 1837 376 Fragm.

581 397 739 447 Nullus
751 395 789 444 se
803 395 1040 445 immisceat
1051 399 1094 444 in
1106 413 1185 454 eo,
1197 396 1319 463 quod
1332 397 1387 444 ad
1399 395 1438 444 se
1449 415 1536 445 non
1550 397 1740 460 pertinet
1753 428 1763 438 .

582 464 873 530 Vnusquisque
885 468 1058 532 propria
1070 481 1218 523 curet,
1231 482 1311 512 nec
1324 499 1336 516 ,
1357 465 1479 530 quod
1498 465 1551 513 ad
1572 463 1688 511 suum
1708 477 1861 510 munus
1881 458 2164 528 nonspeQat‚
2187 475 2281 510 tra..

515 539 604 583 &tet
614 554 625 585 z
637 551 738 581 tunc
753 532 1010 599 Respublica
1023 552 1109 583 non
1122 533 1431 589 confundetur3
1444 533 1515 581 sed
1526 533 1772 599 augebitur.
1815 590 1818 591 ⁷

582 606 838 668 Peregrinus
850 605 892 649 in
903 604 1039 652 aliena
1059 605 1246 652 Ciuitate
1260 603 1384 660 nihil,
1396 617 1542 668 preter
1551 601 1669 650 suum
1681 599 1915 665 negocium
1925 631 1942 656 ‚
1953 610 2081 664 agat3
2102 597 2203 646 nihil
2215 598 2274 653 de

514 672 663 721 alienis
677 673 864 740 inquirat
885 707 898 719 ..

581 743 782 788 Extranei
803 756 1025 806 nunquam
1044 737 1323 789 admittantur
1340 737 1394 787 ad
1414 740 1477 787 ius
1497 739 1722 795 Ciuitatis3
1746 753 1797 785 ex
1806 733 1870 783 his
1889 750 2080 802 namque
2098 731 2223 785 sediti

514 827 591 859 nes
610 811 805 857 oriuntur
815 843 827 857 ..
921 807 926 810 ⁴

579 879 726 926 Plures
739 880 926 925 extranei
937 875 1053 925 simul
1065 877 1299 923 conuenire
1310 874 1500 940 possunt,
1515 881 1559 923 &
1570 874 1683 925 recte
1698 874 1936 923 Ciuitatem
1949 870 2144 921 condere
2159 907 2172 919 .

585 945 777 1010 Qando
789 947 979 996 Colonia
989 943 1228 1005 deducitur,
1241 944 1477 995 curandum
1489 943 1550 995 est
1559 978 1572 1005 2
1587 960 1632 995 vt
1646 944 1809 996 Coloni
1819 940 2118 1008 indigenarum
2129 956 2280 990 nume-

513 1032 610 1078 tum
623 1014 837 1064 excedant
849 1049 861 1061 .

515 1123 516 1127 ,
586 1088 648 1133 Ex
667 1085 794 1132 nouis
802 1081 1107 1149 vectigalibus,
1127 1087 1172 1130 &
1185 1081 1352 1130 tributis
1363 1080 1630 1130 defectiones
1650 1081 1915 1146 populorum
1925 1080 2141 1130 oriuntur.

588 1156 703 1199 Cum
714 1153 865 1218 populi
876 1152 1087 1202 deficiunt
1096 1185 1109 1209 ,
1120 1153 1293 1199 victoria
1303 1152 1346 1198 in
1356 1152 1573 1198 celeritate
1585 1150 1769 1198 confistit
1779 1185 1790 1196 .

586 1293 790 1338 Victoria>
803 1305 990 1338 externae
1002 1289 1121 1337 bona
1133 1287 1403 1353 Reipublicae
1414 1300 1576 1355 augent
1587 1322 1600 1346 ,
1612 1294 1655 1336 &
1666 1290 1813 1335 ciuiles
1823 1286 2097 1336 consumunt.

586 1361 685 1405 Dux
697 1358 953 1408 defectionis
966 1358 1077 1406 clam
1088 1392 1102 1410 ,
1114 1364 1157 1405 &
1169 1355 1258 1408 cito
1269 1356 1547 1408 interficiatur
1557 1391 1570 1405 2

581 1428 737 1492 Populi
750 1425 967 1475 discordes
977 1461 990 1484 ,
1002 1428 1196 1492 quamuis
1208 1426 1307 1474 nulli
1318 1424 1468 1472 subditi
1481 1424 1578 1483 sint,
1588 1425 1789 1475 libertate
1801 1441 1890 1474 non
1903 1425 2116 1476 fruuntur:
2137 1424 2253 1491 magi

515 1493 622 1543 serui
633 1495 793 1561 absque
807 1497 987 1544 domino
998 1530 1011 1553 ,
1022 1512 1154 1560 quam
1165 1493 1288 1542 liberi
1300 1495 1571 1559 appellantur
1581 1530 1594 1542 .

581 1567 663 1613 Rei
668 1582 695 1628 p
702 1565 853 1612 ublicae
873 1564 1048 1612 libertas
1059 1566 1100 1610 in
1112 1563 1280 1629 legibus
1291 1562 1512 1610 fundatur.

582 1636 668 1680 Lex
688 1632 748 1679 est
758 1633 1034 1681 humanarum
1046 1650 1183 1681 rerum
1196 1631 1369 1680 domina
1379 1664 1392 1676 .

577 1700 853 1766 Magistratus
864 1719 1016 1749 omnes
1027 1700 1195 1766 legibus
1206 1699 1514 1762 obtemperare
1529 1713 1730 1748 tenentur
1740 1734 1755 1748 .

577 1767 874 1817 Necessarium
885 1767 1255 1834 ‚vtiliffimurnque
1274 1767 1334 1815 est
1349 1767 1677 1832 seruirelegibus
1691 1804 1702 1815 .

579 1840 664 1885 Lex
688 1837 769 1885 dux
790 1837 852 1885 est
863 1873 877 1890 ,
897 1844 939 1886 ὅ(
951 1839 1060 1886 ratio
1082 1838 1198 1885 recte
1211 1836 1505 1902 gubernandae
1525 1837 1794 1904 Reipublicae
1804 1871 1819 1885 .

577 1909 660 1952 Per
673 1906 793 1970 leges
804 1905 1034 1954 noscuntur
1051 1908 1227 1955 crimina
1241 1940 1253 1953 2

577 1974 706 2021 Tales
717 1976 836 2039 leges
848 1974 928 2021 effe
942 1974 1128 2032 debent,
1148 1974 1297 2039 quales
1307 1973 1384 2023 fint
1397 1972 1656 2040 Respublice
1669 2008 1681 2019 .

577 2046 718 2107 Leges
730 2041 926 2091 consonae
938 2042 1015 2090 sint
1027 2042 1220 2090 moribus
1234 2077 1247 2090 ,
1511 2093 1516 2096 ,
1565 2096 1567 2098 ,

579 2113 690 2158 Boni
704 2128 868 2169 mores,
884 2117 927 2158 &
940 2110 1271 2158 consuetudines
1282 2110 1503 2159 firmentur
1514 2109 1683 2176 legibus
1704 2145 1718 2159 .

581 2179 752 2226 Abusus
764 2197 843 2243 per
853 2183 992 2245 Leges
1006 2181 1214 2226 tollantur
1224 2215 1235 2225 .

579 2251 718 2315 Leges
727 2247 960 2296 secundum
971 2264 1138 2317 tempus
1149 2282 1162 2306 ,
1179 2255 1221 2296 δε
1232 2246 1450 2295 arbitrium
1459 2247 1680 2297 bonorum
1699 2250 1745 2297 in
1754 2247 1993 2314 Republica
2017 2252 2172 2298 mutari
2194 2250 2270 2299 de-

514 2315 639 2365 bent.

580 2388 640 2431 Vt
651 2400 898 2450 temporum
911 2385 1028 2432 vices
1040 2399 1254 2432 mutantur
1265 2419 1277 2442 ‚
1293 2387 1347 2431 ita
1360 2390 1557 2432 &mores
1568 2419 1581 2430 .

582 2453 833 2519 Aliquando
844 2458 982 2519 Leges
993 2468 1207 2500 mutentur
1219 2472 1230 2508 3
1243 2471 1390 2501 verum
1403 2470 1497 2518 quse
1510 2453 1697 2500 tollerari
1708 2451 1879 2519 poffunt
1891 2454 2142 2502 tollerentur
2152 2489 2165 2501 .

580 2524 723 2590 Leges
734 2555 748 2581 ‚
759 2540 866 2588 quas
875 2522 1063 2589 populus
1073 2521 1259 2569 custodit
1268 2556 1281 2579 ‚
1294 2528 1336 2569 &
1347 2520 1470 2570 conse
1477 2537 1568 2570 ruat
1577 2555 1591 2574 2
1601 2525 1799 2587 quamuis
1810 2524 1931 2571 malae
1943 2524 2026 2571 vllo
2040 2523 2174 2572 modo
2187 2523 2268 2572 tol-

511 2589 669 2638 lantur.

578 2663 689 2722 Qae
700 2676 798 2707 cum
809 2658 1155 2717 damn02vels1ne
1167 2659 1343 2707 vtilitate
1355 2658 1627 2724 Reipublicae
1637 2659 1823 2707 conuelli
1833 2676 1922 2707 non
1930 2658 2267 2725 poffunt2substi-

507 2742 587 2774 nea
594 2741 690 2773 ntur
699 2762 711 2772 .

577 2793 681 2841 Vsus
691 2795 841 2861 populi
854 2794 1129 2845 conseruetur
1139 2830 1150 2841 .

574 2867 637 2913 Ex
650 2859 831 2928 Legibus
843 2866 976 2911 oritur
986 2882 1067 2931 pax
1078 2899 1093 2922 ,
1104 2865 1247 2912 ocium
1257 2866 1536 2931 tranquillitas
1548 2866 1647 2913 vitae
1658 2903 1668 2913 .

573 2935 725 2978 Homo
735 2931 790 2978 ad
804 2930 1052 2980 felicitatem
1065 2948 1187 2980 natus
1199 2932 1259 2979 est
1272 2952 1283 2988 3
1298 2940 1341 2981 δε
1353 2934 1447 2981 finis
1458 2934 1727 2999 Reipublicae
1739 2933 1879 2985 debet:
1896 2933 1979 2984 esse
1991 2934 2171 2984 felicitas
2180 2970 2192 2984 .

573 3001 688 3050 Felix
698 2998 957 3066 Respublica
969 3034 982 3058 ‚
994 3018 1092 3067 quae·
1101 3018 1191 3049 non
1202 3000 1364 3070 indiget
1375 3003 1560 3069 Legibus
1572 3038 1584 3050 .

586 1223 635 1269 In
658 1224 815 1270 Ciuem
826 1221 1137 1273 rebellantem,
1158 1221 1247 1267 eius
1257 1221 1444 1284 priuatus
1457 1219 1611 1277 hostis,
1635 1218 1718 1266 dux
1730 1219 1931 1284 eligatur.
2255 1224 2290 1475 j

2055 3091 2194 3136 Natu·
2260 3084 2265 3086 ‚

2299 372 2301 374 .
2295 303 2305 325 -η,
2299 275 2308 298 η
