2406 3580
0 2266 2 2300 ἰ

108 766 436 826 ξεὶίὶῐοίηῇιιιιαῑ
446 801 458 823 ,
472 782 516 815 vt
525 766 663 814 labori
673 784 762 814 non
773 780 939 831 parcat,
952 781 997 814 vt
1010 766 1174 833 semper
1185 770 1413 837 discipulos
1426 792 1645 827 exerceat:
1659 781 1880 834 sidus,cum

103 1205 107 1213 v

698 288 898 380 Liber
919 290 923 292 ‚
955 290 1244 411 Qartus
1260 372 1272 385 .
1766 351 1794 394 2
1809 353 1836 395 2
1848 351 1876 413 3

266 424 346 470 Val
357 426 388 470 is
401 423 479 470 effe
499 425 663 471 debeat
681 426 724 470 in
735 426 924 489 collegio
936 430 1161 492 Augurum
1173 429 1358 495 magister
1370 432 1495 498 ipfius
1504 438 1700 502 Magistri
1720 438 1881 489 sionum

126 423 256 566 Q
287 492 468 540 indicat:
482 510 580 540 nam
591 493 740 558 Virga,
751 510 848 558 quae
858 497 901 541 in
912 510 968 540 eo
979 494 1234 560 conspicitur
1244 499 1454 559 iustitiam,
1465 506 1740 569 potestatem,
1750 483 1797 557 ἓξ
1808 527 1882 557 au-

345 563 587 609 ctoritatem
608 559 789 610 denotat
809 580 820 608 :
842 562 989 609 oculus
999 578 1139 611 autem
1157 599 1171 622 ,
1190 568 1263 631 qui
1276 567 1336 615 est
1348 571 1390 617 in
1399 569 1635 622 summitate
1648 576 1771 641 ipsius
1782 580 1880 625 Vir-

115 627 369 694 gae‚indicat
381 631 700 694 vigilantiam&
710 629 995 695 prudentiam:
1009 631 1071 679 ala
1084 632 1190 681 verb
1203 634 1439 685 doctrinam
1450 639 1711 692 demonstrat
1720 679 1733 703 ,
1748 652 1791 694 &
1803 645 1880 693 sci-

125 698 462 762 entiam‚quibus
474 700 525 745 ali
529 700 542 759 j
548 717 564 744 s
577 715 619 763 px
630 699 824 746 aecellere
837 696 985 745 debet:
998 716 1161 758 manus,
1175 720 1269 768 quae
1277 703 1450 755 labores
1459 708 1676 774 significat,
1688 713 1771 761 hoc
1784 719 1881 762 Ma-

2110 365 2116 416 l

2108 418 2115 609 l

2105 791 2111 843 3

122 818 172 881 lit
185 831 416 883 coelestium
430 839 574 901 imago
587 834 851 901 probitatem
864 869 877 892 ,
895 841 939 883 &
951 836 1205 902 religionem
1217 874 1229 897 ‚
1251 858 1348 906 quae
1365 845 1619 910 Magistrum
1639 849 1879 899 coelestibus

119 901 298 952 similem
309 902 509 962 reddant,
522 902 730 951 ostendit:
744 902 832 951 duo
842 904 1106 954 characteres
1116 909 1308 967 innuunt,
1322 909 1454 975 ipsum
1473 913 1649 964 obscura
1669 919 1879 983 interpre-

119 974 198 1019 tari
209 972 485 1020 debe1·e.1ure
497 974 624 1039 igitur
635 971 678 1019 id
690 971 871 1021 statuere
883 975 1128 1031 maiores‚vt
1137 976 1387 1040 prudentiffi
1393 998 1558 1029 morum
1574 985 1875 1036 Dorchethum

117 1038 159 1088 se
174 1038 413 1089 discuffioni
425 1040 621 1105 subijciat
635 1041 843 1106 Magister
855 1060 865 1087 :
877 1039 977 1088 ideo
988 1042 1079 1090 haec
1092 1044 1216 1093 vobis
1225 1063 1431 1111 propono
1446 1055 1668 1111 Augurum
1687 1055 1877 1119 pruden-
1972 1007 2016 1054 A

119 1111 250 1157 tiores
261 1109 510 1175 ‚vtoptime
526 1110 826 1176 perpendatis,
848 1127 903 1157 an
924 1108 1160 1176 supradicta
1179 1116 1326 1163 omnia
1344 1117 1388 1165 in
1404 1134 1474 1167 me
1495 1101 1697 1186 vigeant,
1710 1122 1824 1173 adeo
1836 1142 1877 1173 vt

118 1179 272 1245 dignus
282 1177 356 1226 fim
366 1213 378 1236 ,
390 1181 466 1245 qui
477 1178 683 1245 Magister
693 1178 934 1245 approber.

182 1247 399 1295 Mundum
411 1250 585 1296 vnicum
598 1245 680 1296 effe
695 1283 706 1294 .

181 1317 330 1364 Plures
342 1316 531 1365 Mundos
542 1317 723 1365 inueniri
735 1313 992 1381 impossibile
1004 1315 1178 1365 videtur
1189 1352 1201 1364 .

182 1386 353 1433 Coelum
365 1388 622 1452 principium
633 1384 782 1434 habuit
792 1419 805 1443 ‚
817 1402 900 1434 nec
911 1388 1131 1452 corrumpi
1147 1385 1291 1452 potest
1301 1420 1315 1435 .

180 1458 221 1503 C
225 1455 405 1502 oelornm
417 1454 578 1521 duplex
590 1454 652 1503 est
664 1469 808 1502 motus
820 1488 831 1500 .

179 1526 408 1588 Princeps,
421 1526 593 1591 quinon
605 1523 666 1572 est
678 1524 870 1572 clemens
882 1557 894 1581 ‚
906 1522 1135 1590 Tyrannus
1147 1560 1159 1572 .

179 1596 406 1658 Imperans
418 1596 557 1642 comis
567 1593 615 1640 fit
625 1595 668 1640 in
681 1591 817 1640 socios
829 1629 840 1650 ,
854 1591 1095 1642 mansuetus
1106 1596 1150 1642 in
1159 1592 1304 1643 hostes
1316 1629 1330 1643 .

114 1665 118 1668 ’
177 1661 372 1710 Prudens
382 1661 644 1710 iracundiam
660 1660 906 1709 moderatur
921 1696 931 1707 .
1978 1689 2015 1733 B
2102 1680 2107 1728 Ι

177 1732 386 1795 Negocia
396 1731 594 1779 homines
605 1730 910 1797 prudentiores
926 1762 940 1786 2
951 1735 994 1777 &
1006 1730 1330 1795 eloquentiores
1344 1731 1530 1781 efficiunt
1541 1769 1552 1780 .
2101 1730 2106 1798 J

179 1803 381 1847 Securum
393 1817 480 1848 non
493 1799 554 1847 est
565 1802 710 1849 omnia
721 1814 855 1847 onera
865 1831 878 1856 ,
890 1804 934 1846 δε
944 1814 1119 1849 munera
1129 1799 1400 1870 Reipublicae
1411 1804 1485 1853 vni
1493 1802 1569 1852 soli
1581 1804 1872 1857 committere.
2101 1821 2104 1865 g

178 1867 311 1915 Nulla
328 1869 458 1916 virtus
469 1868 553 1917 sine
564 1868 715 1917 labore
731 1904 741 1915 .
2100 1874 2104 1935 ξ

180 1939 392 1984 Omnium
406 1936 672 1986 scientiarum
686 1935 974 2003 parenslabor
986 1971 1000 1983 .
2100 1943 2103 2005 l

179 2007 398 2053 Virtutem
411 2021 562 2055 natura
573 2006 845 2071 consequitur
855 2006 996 2053 honor
1008 2040 1019 2049 .
2100 2010 2103 2032 ³

175 2075 405 2123 Praeclarus
416 2076 484 2122 ille
497 2075 559 2124 est
568 2111 584 2130 ,
596 2078 668 2142 qui
680 2074 891 2141 sanguinis
908 2075 1164 2139 ingenuitati
1184 2077 1388 2126 virtutem
1409 2078 1633 2144 coniungit
1642 2096 1658 2125 :—
1678 2093 1722 2125 at
1743 2097 1869 2127 mon-

107 2140 237 2190 strum
249 2143 511 2192 horrendum
522 2179 535 2203 ‚
548 2148 621 2211 qui
631 2146 753 2192 claris
762 2142 975 2191 natalibus
987 2157 1106 2192 ortus
1121 2146 1287 2195 virtutis
1298 2147 1429 2195 hostis
1439 2149 1514 2195 viti
1515 2151 1531 2210 j
1536 2166 1555 2195 s
1566 2146 1748 2194 foedatur
1758 2184 1769 2195 .

174 2216 274 2277 Ego
295 2216 434 2261 Anius
454 2216 723 2261 Moriconius
745 2218 928 2261 Senator
947 2212 1228 2261 Vulterranus
1246 2249 1259 2272 ,
1281 2222 1327 2264 δέ
1346 2221 1574 2281 Augurum
1591 2216 1870 2265 Dorchethes

107 2286 317 2329 Aruntem
330 2285 580 2330 Petronium
595 2281 833 2348 Magisterij
847 2281 1055 2344 dignitate
1075 2280 1362 2348 digniffimum
1384 2284 1531 2332 iudico
1543 2319 1555 2330 .

174 2353 273 2416 Ego
286 2354 377 2398 Orc
384 2368 430 2399 us
442 2349 632 2399 Venesus
643 2351 924 2398 Vulterranus
935 2354 1148 2397 Aruntem
1160 2353 1411 2399 Petronium
1424 2354 1868 2418 patritiumVulterra-

107 2435 207 2467 num
220 2416 503 2468 doctissimum
515 2421 704 2485 cognoui
716 2452 728 2476 ‚
742 2425 786 2466 δε
797 2417 852 2465 ad
864 2416 1058 2483 Magistri
1071 2436 1223 2468 munus
1236 2421 1524 2470 exercendum
1535 2436 1687 2488 aptum
1698 2457 1715 2471 ..
1961 2442 2003 2489 C

175 2492 274 2553 Ego
293 2486 417 2535 Vffus
428 2487 587 2536 Lodius
603 2487 814 2535 Volfinius
824 2491 1053 2551 Augurum
1066 2489 1346 2538 Dorchethes
1356 2526 1366 2537 .

174 2559 273 2620 Ego
288 2563 419 2605 Antes
430 2557 635 2605 Entellius
647 2553 884 2606 Genuenfis
896 2556 1093 2604 patritius
1104 2591 1115 2603 .

176 2626 274 2690 Ego
284 2625 500 2675 Turrenus
511 2625 710 2675 Felsmius
722 2630 899 2675 Senator
912 2624 1189 2674 Vulterranus
1199 2630 1422 2693 Augurum
1430 2625 1662 2680 Praefeetus
1671 2661 1689 2679 .

944 2740 1155 2974 ᾗ]

178 3029 277 3092 Ego
289 3028 449 3075 Ennius
462 3030 656 3077 Cecinna
669 3033 816 3081 Scriba
827 3033 1038 3101 subscripfi
1050 3052 1164 3084 anno
1175 3036 1241 3083 cia
1255 3037 1321 3084 cio
1335 3015 1506 3085 inexux’.

1070 3119 1147 3169 Ff
1182 3122 1221 3184 ij
1647 3127 1791 3188 Impe-
1847 3133 1867 3137 “
