2406 3580
459 299 578 369 108
938 292 1242 368 Ethrusc.
1262 296 1497 399 Antiq.
1517 296 1777 400 Fragm.
2182 315 2189 322 '
2218 300 2228 429 l

460 415 515 461 sisi
529 434 569 462 in
580 420 729 464 virtute
742 419 859 479 Lucij
872 451 884 474 3
897 434 1029 482 quam
1042 416 1277 482 pugnando
1288 417 1532 465 didicerunt
1544 438 1556 474 3
1569 435 1668 466 nam
1680 422 1834 467 Lucius
1847 422 2044 487 Qntius
2056 418 2217 467 cecidit

459 485 677 532 inhoneste
690 521 700 531 .
738 489 980 550 Pugnatum
992 484 1075 532 est:
1090 484 1299 551 oppidum
1321 486 1555 534 desolatum
1569 523 1579 533 .
1601 489 1722 535 multi
1733 487 1931 536 cecidere
1954 477 2226 535 Thuscinati-¹

460 570 527 598 uni
540 577 554 602 ,-
568 553 953 600 Vulterranensiuin
967 556 1113 617 pauci.
1149 557 1301 601 Lucius
1312 554 1408 602 saxo
1419 555 1633 620 percussus
1644 556 1867 604 occubuit:
1882 555 2113 603 concidere
2127 539 2225 602 ani-¹

460 622 537 665 mis
547 620 753 668 Tliuscina
760 637 822 668 tes
836 623 1009 686 reliqui:
1023 620 1063 669 se
1076 625 1188 669 Larti
1200 622 1360 670 dedere
1373 626 1593 690 ,ignotum
1606 624 1691 672 est:
1705 625 1880 673 Familia
1890 626 2067 688 Qintia
2078 602 2227 670 omni-l

459 688 535 734 bus
548 688 785 736 honoribus
798 693 961 754 priuata
973 690 1033 737 est
1045 690 1100 737 ad
1110 708 1244 738 annos
1259 710 1370 739 rxxx.

525 757 625 804 1³0st
636 761 805 804 Lartem
819 758 947 805 frater
958 761 1048 805 eius
1058 759 1189 806 Alcus
1200 757 1450 826 subrogatus
1471 760 1532 808 est
1552 764 1595 809 in
1606 763 1695 810 eius
1707 762 1854 809 locum
1866 797 1878 808 .
1912 759 2227 808 Thtiscorum.

460 826 706 873 Concilium
717 827 854 873 Perufi
857 831 870 889 j
883 826 1100 873 habitum:
1117 832 1259 874 astum
1271 829 1332 876 est
1349 829 1404 877 de
1417 832 1601 894 imperio
1613 831 1832 896 augendo3
1845 847 1945 877 nam
1958 830 2111 875 milites
2122 803 2227 874 bel-l

459 892 501 937 lo
513 893 657 941 assueti
668 897 760 942 otio
772 897 1018 961 torpebant:
1035 901 1079 943 δε
1088 895 1295 943 vniuersas
1306 897 1449 945 Vrbes
1461 900 1607 945 ciuiles
1618 897 1836 947 discordiae
1846 896 2074 947 vexabant.
2090 862 2227 944 Subi-l

326 987 371 1029 A
462 962 523 1010 nis
533 962 694 1010 bellum
704 962 978 1012 indicendum
993 963 1254 1012 declaratum
1266 965 1327 1012 est
1339 985 1351 1021 3
1363 981 1410 1013 vt
1420 966 1569 1030 postea
1580 970 1792 1016 Romanis
1804 1003 1815 1014 .
1852 968 2039 1013 Arretini
2062 964 2138 1012 soli
2151 981 2219 1011 re-

463 1027 604 1079 stitere
616 1068 626 1079 .
656 1033 876 1081 Perusinus
895 1037 1119 1081 Lucumon
1130 1032 1369 1082 declaratus
1380 1035 1440 1082 est
1451 1035 1627 1082 Vniuersi
1637 1037 1738 1083 belli
1751 1035 1833 1084 dux
1846 1071 1856 1082 .
1892 1039 1976 1081 Pro
1999 1035 2222 1080 Vulterra-

465 1100 660 1149 nensibus
672 1101 839 1167 eligitur
849 1101 931 1150 dux
941 1108 1090 1150 Ancus
1099 1103 1370 1160 Volumnius,
1382 1120 1514 1168 quem
1526 1120 1622 1150 cum
1635 1106 1812 1151 Emilius
1824 1102 1982 1151 Consul
1998 1070 2231 1151 Romanusl

464 1167 760 1228 interfecisset,
771 1169 892 1218 Thus
886 1174 925 1218 ci
935 1171 1159 1219 inferiores
1170 1169 1286 1219 fuere
1300 1207 1310 1217 .
1346 1173 1536 1218 Mentius
1556 1175 1777 1220 Pomanus
1788 1176 1831 1219 in
1851 1174 1964 1220 Anci
1976 1172 2123 1218 locum
2134 1168 2223 1217 suc-

467 1236 584 1286 cessit
595 1258 606 1294 3
619 1247 662 1288 &
676 1241 866 1286 Sutrinos
881 1239 1047 1290 inuasitj
1056 1239 1213 1304 quibus
1224 1238 1338 1304 pene
1362 1239 1567 1305 superatis
1588 1243 1708 1288 venit
1727 1244 1911 1305 Qintus
1923 1239 2078 1287 Fabius
2090 1274 2103 1290 3
2117 1239 2223 1286 alter

466 1308 628 1356 Consul
641 1312 864 1357 Romanus
877 1311 918 1355 in
929 1309 1126 1357 auxilium
1138 1306 1348 1356 sociorum
1361 1345 1369 1353 .
1409 1310 1496 1355 Hic
1507 1308 1699 1356 Thuscos
1711 1309 1895 1374 fugauit:
1920 1307 2105 1355 transmit
2123 1323 2224 1371 per—

459 1376 608 1429 ,filuain
621 1379 837 1424 Ciminam
850 1396 860 1422 :
875 1393 1032 1442 magna
1044 1394 1093 1424 ex
1103 1392 1224 1442 parte
1235 1375 1463 1424 Thusciam
1473 1376 1990 1426 deuastauit.·Thuscoruni
2003 1375 2136 1423 eastra
2149 1391 2225 1422 oc-

416 1494 419 1495 ⁷
466 1449 640 1508 cupauit
652 1465 662 1492 ε
676 1443 1060 1492 ceciditPerusinus
1070 1440 1307 1501 Lucuirion3
1320 1451 1363 1492 δέ
1375 1448 1568 1493 Mentius
1582 1449 1804 1494 Poinarius
1816 1482 1827 1493 .
1875 1444 2120 1492 Obsidione
2142 1445 2226 1490 Pe-

467 1515 612 1562 rufium
625 1512 802 1578 cepisset
813 1547 825 1565 3
839 1513 910 1561 nisi
922 1513 1219 1561 Cortonenses
1229 1548 1242 1565 3
1256 1513 1442 1560 Fesulani
1455 1548 1469 1567 3
1481 1517 1671 1561 Arretini
1684 1549 1697 1572 3
1720 1521 1764 1563 &
1785 1514 1940 1562 Vmbri
1961 1511 2116 1578 praesto
2133 1509 2225 1558 fuis-

466 1583 556 1630 sent
567 1618 577 1629 .
613 1581 799 1630 Perusini
811 1617 825 1634 3
837 1581 1131 1630 Cortonenses
1144 1616 1157 1639 3
1169 1584 1359 1628 Arretini
1371 1616 1383 1638 3
1396 1589 1439 1629 ἃ
1451 1583 1519 1644 alij
1535 1584 1683 1646 populi
1694 1586 1885 1649 Legatos
1896 1587 2088 1631 Romam
2101 1579 2245 1640 mise-2

467 1667 562 1698 runt
572 1651 830 1715 postulatum
842 1651 1036 1698 inducias
1048 1684 1059 1695 .
1096 1649 1444 1698 Vulterranenses
1455 1684 1468 1703 3
1481 1657 1523 1698 ὅ(
1536 1649 1725 1699 Fesulani
1737 1686 1750 1709 3
1771 1650 1817 1699 id
1832 1650 1907 1699 fibi
1918 1649 2124 1698 dedecori
2146 1666 2229 1714 pu·
2243 1702 2245 1705 .

324 1742 361 1786 Β
468 1736 629 1776 tames,
643 1717 844 1766 assensum
860 1736 950 1766 non
964 1717 1245 1783 praestiterunt
1258 1753 1269 1764 .
2242 1717 2245 1720 ’

537 1790 775 1836 Dor-miens
788 1786 1009 1853 &propriis
1019 1786 1145 1835 seruis
1157 1788 1291 1834 Alcus
1303 1787 1515 1834 occiditur
1527 1823 1537 1834 .
1549 1790 1635 1835 Pro
1648 1805 1703 1836 eo
1716 1794 1896 1837 Senatus
1918 1788 2050 1853 elegit
2068 1785 2227 1833 Turre-
2243 1817 2244 1820 =

470 1874 569 1904 num
580 1859 820 1905 Cecinnam
832 1890 845 1914 3
856 1855 1086 1903 Audacem
1099 1856 1277 1903 multum
1291 1891 1301 1901 .
1341 1860 1380 1901 Is
1401 1854 1650 1904 thuscorum
1670 1859 1840 1905 animos
1859 1858 1903 1903 in
1925 1859 2152 1905 Romanos
2164 1855 2247 1902 in-{

470 1925 617 1973 cendit
627 1942 729 1981 ‚exo
737 1924 799 1972 sus
810 1927 1025 1981 victorias,
1037 1940 1144 1989 quas
1156 1923 1359 1989 superiori
1376 1942 1489 1971 anno
1501 1928 1692 1974 Romani
1703 1925 2247 1986 obtinuerant-Conuoca-3

471 2010 516 2041 to
528 1996 617 2058 itaq
620 2018 633 2043 2·
645 1994 853 2040 Vulterrae
866 1993 1070 2040 Concilio
1084 1994 1273 2058 generali
1285 2027 1297 2049 3
1311 1991 1394 2057 ipse
1407 1992 1490 2039 dux
1503 1995 1664 2058 primus
1675 1993 1962 2049 constituitur,
1977 2000 2246 2056 magnoque

477 2064 663 2110 exercitu
674 2076 929 2127 comparato
940 2064 982 2107 in
993 2061 1100 2108 fines
1110 2066 1411 2110 Romanorum
1431 2061 1657 2109 contendit
1670 2081 1680 2109 :
1693 2061 1865 2110 sedtum
1884 2064 1929 2108 in
1950 2059 2230 2124 conspectum

474 2133 662 2181 Romani
674 2133 907 2186 exercitus,
920 2146 1053 2194 queni
1064 2132 1217 2176 Lucius
1228 2131 1419 2194 Papirius
1441 2129 1653 2188 ducebat3
1667 2130 1810 2178 fuitab
1823 2128 2018 2176 vniuerso
2043 2130 2246 2176 exercitu

474 2200 731 2247 acclamatus
742 2233 754 2256 3
766 2205 809 2246 δέ
822 2213 1052 2245 coronatus
1064 2197 1315 2245 Thuscoruiu
1331 2202 1423 2246 Rex
1433 2231 1446 2254 3
1466 2199 1568 2250 licet
1578 2202 1722 2246 inuitis
1738 2197 2085 2247 Lucumonibus:
2100 2194 2230 2260 ipse.)

475 2271 531 2315 ita
543 2272 769 2318 Romanos
779 2268 834 2315 ad
855 2270 1012 2314 Lacum
1026 2269 1118 2313 Van
1125 2266 1310 2314 dimonis
1321 2265 1466 2314 afflixit
1475 2301 1487 2324 3
1500 2283 1545 2315 vt
1556 2267 1679 2315 facile
1690 2270 1894 2315 vistorem
1917 2265 1956 2313 se
1969 2264 2157 2329 speraret
2167 2263 2234 2310 fu-

475 2353 634 2384 turum:
649 2342 692 2383 &
704 2336 777 2383 nisi
786 2333 1081 2400 superuenisset
1092 2352 1232 2381 nouus
1245 2336 1365 2382 miles
1379 2335 1573 2382 viciffent
1583 2335 1720 2383 rhusci
1732 2369 1745 2392 3
1757 2337 1832 2401 qui
1844 2332 2018 2396 tandem
2032 2334 2130 2379 victi
2141 2331 2250 2380 fue-¹

476 2423 521 2453 re
533 2440 544 2451 .
579 2403 692 2452 Tum
702 2406 856 2451 Lucius
869 2406 1060 2468 Papirius
1072 2407 1209 2450 victor
1223 2407 1411 2450 Romani
1426 2405 1551 2466 redijt
1564 2439 1574 2449 .
1587 2409 1643 2451 Et
1655 2405 1722 2450 hic
1732 2407 2030 2450 Lucu'rnonum
2044 2400 2140 2448 finis
2152 2436 2164 2447 .

333 2495 377 2539 C
542 2474 755 2520 Vicerunt
773 2475 961 2521 Romani
973 2471 1161 2518 Thuscos
1175 2506 1184 2517 .
1224 2472 1308 2518 Sed
1331 2473 1569 2519 vulterrani
1581 2506 1593 2529 3
1615 2479 1658 2520 δε
1678 2471 1865 2519 Fesulani
1885 2471 2114 2517 noluerunt
2138 2472 2233 2518 Ro-

479 2543 614 2588 manis
625 2540 777 2588 seruire
790 2563 806 2592 3·
825 2539 898 2588 sed
910 2543 1009 2587 inita
1021 2538 1224 2586 societate
1238 2557 1335 2586 cuni
1360 2538 1535 2587 Vmbris
1546 2574 1558 2597 3
1570 2556 1718 2604 portas
1738 2537 1975 2587 clauserunt
1985 2537 2061 2602 ipsi
2084 2537 2201 2584 Deci
2248 2551 2250 2555 ’

479 2609 653 2655 Consuli
663 2634 677 2660 3·
689 2624 818 2673 atque
831 2626 927 2656 eum
941 2608 1011 2656 sub
1025 2607 1180 2655 ducatu
1192 2608 1305 2670 Elbij
1336 2610 1542 2656 Cecinnae
1570 2608 1628 2654 fili
1631 2611 1644 2670 j
1666 2609 1845 2655 Turreni
1856 2605 1986 2673 vsque
2018 2604 2200 2653 Perusiui

479 2675 570 2723 sunt
581 2676 849 2741 persequuti:
864 2674 934 2723 sed
949 2676 1004 2723 ab
1017 2676 1192 2722 Vmbris
1204 2675 1386 2722 destituti
1398 2676 1437 2723 se
1449 2678 1660 2726 Romanis
1672 2674 1833 2723 dedere
1857 2709 1868 2719 .

544 2744 669 2792 Tunc
681 2746 889 2792 Vulterrae
900 2746 1123 2809 imperium
1135 2744 1344 2809 populare
1357 2746 1483 2808 caepit
1494 2764 1506 2800 3
1519 2762 1617 2791 nam
1629 2743 1777 2809 plebes
1799 2742 1971 2808 surgens
1992 2758 2142 2791 contra
2153 2760 2210 2792 no

478 2811 588 2861 biles
598 2847 610 2870 3
623 2815 694 2878 qui
707 2815 830 2877 pauci
841 2829 1023 2877 propter
1035 2812 1146 2859 bella
1160 2827 1280 2859 erant
1292 2813 1437 2869 relicti,
1448 2811 1567 2877 quod
1578 2810 1617 2859 se
1629 2811 1863 2876 deceptam
1875 2810 2038 2859 diceret
2047 2846 2059 2868 3
2072 2813 2234 2877 patriti-

478 2896 528 2928 os
540 2879 742 2930 omnibus
753 2880 989 2927 honoribus
1004 2883 1188 2945 priuauit
1198 2898 1209 2934 3
1220 2897 1385 2927 nouum
1408 2885 1611 2928 Senatum
1626 2897 1677 2926 ex
1686 2879 1854 2945 plebeis
1866 2881 2053 2935 creauit3
2075 2880 2213 2927 Tribu

478 2964 556 2997 nos
568 2947 800 2997 duodecim
812 2947 915 2996 fecit
925 2985 939 3001 3
962 2951 1033 3013 qui
1047 2948 1192 3013 singuli
1213 2949 1268 2994 sin
1274 2950 1382 3014 gulis
1403 2948 1614 2995 mensibus
1633 2949 1690 2994 im
1695 2950 1802 3013 perij
1823 2946 2108 3014 gubernacula
2121 2946 2212 2995 susti

458 3025 462 3039 ¹
478 3032 655 3065 nerent:
669 3032 769 3064 tunc
781 3016 940 3064 bellurn
953 3018 1074 3063 ciuile
1086 3035 1097 3062 t
1112 3021 1340 3064 Senatores
1352 3035 1439 3063 xxx.
1454 3022 1496 3063 &
1506 3017 1645 3081 plures
1657 3016 1783 3064 occisi
1796 3052 1807 3063 .
1818 3019 2068 3073 Arretini3&
2078 3015 2151 3080 ipsi
2161 3032 2212 3064 ea

2398 263 2402 277 —-
2400 239 2403 254 -.
2397 0 2406 227 Λικωικᾼε-ι--σῆιι

2112 3082 2226 3094 -.-——d

2062 3099 2165 3150 dem

251 3165 2224 3188 ww
