2406 3580
520 346 548 388 2
561 344 587 407 3
601 343 649 406 4
995 306 1299 385 Ethrusc.
1318 307 1554 415 Antiq.
1572 311 1832 416 Fragm.

526 444 530 446 ’
666 438 913 488 Orchetbes
924 433 1171 484 sacrosaneti
1183 466 1195 489 ‚
1206 430 1400 480 vniuerso
1414 432 1621 498 Collegio
1634 422 1796 498 plaeuit
1807 465 1820 488 ,
1831 432 1889 479 vti
1898 429 2005 478 scitis
2015 465 2028 489 ‚
2041 447 2112 478 me
2123 413 2275 496 quani-

692 510 756 555 uis
766 506 910 554 senem
921 507 1075 552 iterum
1086 500 1281 566 Magistri
1292 517 1468 548 munere
1481 501 1694 548 honorare
1707 519 1719 547 ε
1732 498 1833 548 ideo
1843 534 1857 558 ‚
1868 499 2273 565 quemadmodum„

513 579 664 629 nostrae
674 571 970 641 antiquiffimae
980 574 1116 643 Leges
1126 569 1400 640 praecipiunt,
1422 569 1510 617 haec
1520 586 1726 635 propono
1735 605 1749 630 ,
1769 585 1865 637 quae
1886 565 1943 629 (fi
1955 566 2081 616 vobis
2098 568 2284 634 placue·

514 652 568 698 rit
580 652 597 711 )
609 643 864 713 approbetis
876 679 886 688 .

583 720 658 765 De
669 715 769 778 Diis
780 709 978 760 disserere
989 710 1223 758 humanum
1234 722 1324 756 non
1334 704 1394 753 est
1406 724 1421 762 3
1443 722 1524 753 nec
1534 705 1580 754 id
1591 707 1709 773 capit
1728 705 1923 755 humanae
1943 705 2099 754 mentis
2119 705 2274 754 conie-

514 790 771 902 &ugit-ludus
782 850 898 899 sacer
908 845 970 896 est
979 881 992 904 ‚
1003 845 1147 894 finitus
1158 842 1218 891 est
1228 877 1241 901 ,
1252 841 1322 890 sed
1333 841 1502 890 infinito
1524 842 1664 891 similis
1675 877 1687 890 .
1722 843 1893 893 Coelum
1914 856 2115 893 mouetur
2126 876 2139 891 .

585 923 660 971 Sol
670 925 709 968 C
714 921 783 968 oeli
795 920 933 967 rector
943 949 959 973 ,
971 921 1016 966 δε
1026 913 1223 971 siderum,
1235 913 1377 961 anima
1389 910 1539 959 mundi
1548 913 1690 961 vocari
1699 911 1846 980 potest
1855 947 1866 958 .

583 992 694 1038 Nox
705 988 766 1036 est
778 987 930 1037 vmbra
942 1021 952 1030 -

391 1071 435 1118 Α
587 1057 737 1109 Sidera
749 1072 922 1105 terreno
933 1055 1113 1103 humore
1125 1050 1347 1117 pascuntur
1360 1085 1372 1097 .

588 1127 685 1186 Sol,
696 1131 741 1175 &
750 1124 887 1176 sidera
895 1122 1063 1173 nostros
1075 1120 1227 1169 oculos
1238 1117 1469 1167 offendunt
1478 1153 1490 1177 ‚
1504 1136 1602 1166 nam
1614 1118 1815 1184 splendor
1826 1120 1928 1168 ficut
1948 1120 2058 1186 ignis
2083 1117 2222 1166 adurit
2233 1152 2244 1163 .

591 1199 644 1244 In
654 1193 844 1247 tenebris
853 1227 868 1253 ,
878 1210 974 1261 quae
985 1190 1074 1240 sunt
1083 1192 1127 1237 in
1138 1189 1231 1237 luce
1239 1187 1433 1236 videmus
1444 1222 1457 1245 ,
1471 1190 1569 1253 quia
1581 1189 1742 1236 lucidus
1754 1194 1828 1237 aer
1841 1204 1995 1254 purgat
2018 1222 2032 1240 ,
2052 1194 2096 1235 &
2109 1186 2284 1251 expellit

522 1264 721 1313 Vmbras:
735 1281 887 1313 verum
897 1262 1020 1328 niger
1030 1263 1120 1318 aer,
1137 1255 1256 1322 quod
1266 1255 1327 1304 est
1337 1259 1380 1303 in
1391 1257 1578 1305 tenebris
1588 1292 1601 1315 ,
1615 1274 1715 1305 cum
1725 1256 1849 1304 fimus
1861 1260 1905 1303 in
1916 1258 2108 1314 luce‚nos
2129 1271 2281 1302 cerne-

520 1350 571 1383 re
584 1333 819 1400 prohibet;
838 1347 937 1380 nam
947 1325 1119 1379 craffior
1133 1324 1216 1386 est,
1245 1331 1289 1375 &
1308 1327 1455 1374 omnia
1478 1324 1690 1374 foramina
1710 1327 1907 1393 complet
1925 1359 1939 1384 ,
1957 1331 2000 1374 &
2020 1327 2111 1374 vias
2131 1322 2282 1372 nostris

523 1403 660 1450 oculis
672 1400 832 1450 claudit
845 1436 857 1448 .

2286 1238 2292 1277 l

587 1474 687 1536 Ego
698 1471 851 1518 Lucius
861 1469 1069 1517 Minutius
1080 1464 1270 1532 patritius
1281 1464 1517 1522 Romanus,
1536 1463 1602 1511 Th
1609 1463 1802 1512 uscorum
1827 1464 2105 1514 Dorchethes
2123 1495 2137 1520 ,
2157 1460 2281 1528 quod

517 1539 562 1585 in
574 1537 715 1586 nostra
725 1538 854 1587 latina
862 1538 1006 1602 lingua
1018 1541 1241 1600 Augurum
1262 1530 1562 1596 prudentiores
1584 1531 1702 1581 sonat
1710 1567 1725 1592 ‚
1747 1537 1942 1599 quamuis
1961 1532 2133 1580 Elbium
2152 1535 2280 1578 Mau-

517 1624 612 1655 rum
624 1611 878 1657 Senatorem
888 1606 1194 1653 Vulterranum
1205 1635 1218 1659 ,
1230 1606 1272 1648 &
1285 1602 1436 1648 Martis
1449 1601 1724 1651 Sacerdotem
1740 1603 2013 1668 ,Magistrum
2033 1603 2182 1648 iterum
2196 1601 2282 1647 ele-

516 1679 631 1724 &um
641 1674 962 1741 approbatione
974 1689 1061 1721 non
1072 1684 1204 1736 egere
1216 1669 1375 1715 clarum
1388 1668 1438 1715 fit
1447 1692 1461 1719 ,-
1483 1685 1583 1717 nam
1593 1672 1665 1736 qui
1685 1668 1813 1718 semel
1833 1671 1910 1718 fuit
1929 1670 1982 1719 ad
1995 1669 2112 1717 idem
2127 1684 2291 1715 munus
2405 1723 2406 1726 Ἰ

370 1756 411 1803 Β
517 1742 787 1811 approbatus
797 1776 811 1801 ‚
831 1741 917 1793 sem
953 1758 1000 1790 er
1022 1739 1183 1788 eodem
1204 1736 1359 1801 dignus
1378 1735 1557 1785 habetur
1567 1772 1581 1796 ‚
1600 1752 1792 1787 attamen
1811 1739 1890 1787 suae
1904 1740 2050 1806 gloriae
2070 1714 2293 1802 augendae⁸
2405 1735 2406 1808 l

516 1814 654 1880 gratia
664 1844 678 1864 ,
689 1828 783 1880 quae
795 1810 905 1876 scrip
922 1824 955 1858 it
964 1825 1054 1858 non
1065 1807 1199 1856 solum
1209 1802 1412 1870 approbo
1425 1838 1438 1862 ,
1451 1804 1522 1852 sed
1533 1807 1661 1854 etiam
1672 1822 1807 1874 atque
1818 1809 1947 1856 etiam
1959 1805 2088 1855 laudo
2100 1840 2113 1854 .
2405 1809 2406 1826 ¹

584 1884 686 1946 Ego
696 1879 846 1928 Elbius
859 1879 1025 1926 Dorius
1036 1881 1217 1926 Senator
1226 1872 1562 1922 Vulterranenfis
1572 1909 1585 1933 ,
1597 1881 1641 1923 δε
1655 1877 1934 1925 Dorchethes
1946 1911 1956 1922 .
2403 1854 2406 1925 1

583 1951 686 2014 Ego
693 1948 817 1996 Titus
829 1948 1107 2013 Sempronius
1118 1944 1223 2005 ciuis
1233 1945 1518 1999 Romanus,&
1527 1945 1724 1993 Colonus
1735 1943 2279 1999 Castrenfis,Dorchethes.
2403 1933 2405 1984 l

584 2018 687 2082 Ego
697 2018 849 2064 Lucius
859 2014 998 2063 lfiuius
1008 2015 1112 2062 ciuis
1131 2010 1403 2060 Camertinus
1412 2044 1426 2068 ,
1446 2012 1684 2060 Vulterrani
1707 2012 1878 2080 Collegi
1881 2017 1894 2077 j
1917 2013 2191 2063 Dorchethes
2201 2048 2212 2058 .
2402 2003 2404 2024 ³

585 2087 687 2150 Ego
697 2084 822 2133 Titus
834 2083 1031 2131 Caecilius
1042 2081 1245 2130 Metellus
1264 2082 1446 2126 Senator
1455 2082 1701 2141 Romanus,
1719 2081 1942 2133 Ρῐεεῑεέὶιιε
1952 2088 2174 2150 Augurum
2184 2079 2282 2133 scri-

589 2152 652 2221 psi
666 2186 680 2212 ,
690 2151 850 2222 fignaui
859 2184 874 2212 2
885 2157 929 2202 &
939 2150 1113 2202 Elbium
1124 2145 1378 2216 Magistrum
1390 2148 1646 2198 confirmaui
1657 2185 1670 2199 .

1275 2249 1479 2491 ᾗ
2400 2319 2405 2339 l

2403 2344 2404 2370 l

2399 2374 2404 2412 :l

594 2553 729 2596 Anno
739 2546 837 2613 post
846 2546 1090 2595 Vulterram
1101 2546 1322 2596 conditam
1333 2552 1399 2597 cio
1411 2550 1480 2598 cio
1489 2545 1706 2609 ioccxxvij.
1718 2559 1804 2611 ego
1816 2541 1952 2591 Oscus
1969 2543 2133 2591 Ancius
2143 2546 2279 2592 Vetu-
2296 2544 2298 2546 ’

525 2616 726 2667 loniensis
736 2615 885 2666 Scriba
894 2613 1127 2682 subscripfi.
2297 2635 2298 2638 =

2286 1293 2292 1332 l

2284 1374 2293 1459 l

2286 1509 2293 1635 ἱ

2287 1637 2294 1681 l

386 2505 432 2553 C

522 2756 645 2884 C
660 2758 750 2803 Vm
759 2754 832 2803 sim
843 2751 899 2801 ab
910 2752 1102 2801 vniuerso
1113 2758 1338 2819 Augurum
1358 2754 1563 2820 Collegio
1587 2753 1747 2802 eleetus
1763 2749 1992 2816 Magister,
2011 2748 2282 2798 secundum-
2297 2769 2299 2773 ’

685 2840 855 2871 morem
866 2857 881 2875 2
894 2827 940 2870 &
951 2823 1246 2888 Legemipfius
1258 2825 1445 2890 Collegij
1456 2824 1545 2873 haec
1557 2822 1683 2873 vobis
1695 2853 1709 2879 2
1727 2816 2037 2886 prudentissimi
2055 2821 2129 2867 viri
2139 2853 2154 2878 ³
2174 2836 2282 2887 pro-

523 2910 671 2962 pon0,
682 2907 752 2949 vt,
763 2891 791 2939 fi
800 2891 947 2956 placet
956 2923 970 2947 ‚
982 2908 1052 2939 me
1064 2892 1320 2957 Magistrum
1332 2892 1587 2959 approbetis
1597 2925 1609 2937 .

594 2959 895 3028 AEgritudines
904 2957 1048 3007 cordis
1059 2974 1132 3007 aut
1142 2959 1231 3009 sunt
1240 2963 1434 3028 malegiae
1444 2996 1458 3020 ‚
1477 2974 1551 3010 aut
1562 2959 1778 3026 purgeniae
1787 2991 1799 3002 ·

590 3029 839 3080 Humiditas
850 3028 1032 3095 malegia
1043 3028 1267 3079 hominem
1278 3030 1480 3079 interficit
1490 3065 1502 3078 .
