2406 3580
524 301 647 404 214
831 302 841 307 ²
926 301 931 304 ’
963 301 968 302 ἦ
992 302 1306 382 Eth'rusc.
1324 306 1563 414 Antiq.
1579 309 1844 415 Fragm.

581 430 834 498 Prosperum
852 429 1074 479 Vesulium
1102 431 1588 491 Fesulanum,Fesulanae
1608 435 1803 483 Ciuitatis
1828 434 2077 496 Patritium,
2097 434 2291 503 Collegij

517 507 744 568 Augurum
774 497 969 548 Scribam
992 535 1003 546 .

584 571 745 618 Aulum
765 569 997 618 Sichinium
1017 569 1238 617 Patritium
1262 569 1630 632 Cremonensem,
1650 569 1906 638 Aruspicem
1925 607 1940 622 .

583 639 814 688 Publicum
837 637 1094 686 Vancafium
1127 640 1284 686 Ciuem
1297 640 1610 700 Mutinensem,
1627 640 1884 709 Aruspicem
1902 676 1917 688 .
2027 684 2030 688 .

583 713 801 757 Aruntem
820 711 1072 772 Caruagum
1096 710 1346 756 Arretinum
1358 742 1372 767 ,
1404 709 1661 776 Aruspicem
1673 745 1685 759 .
1731 716 1857 776 Qos
1875 710 1998 761 huius
2017 711 2205 760 muneris
2223 711 2290 760 di-

516 792 627 844 gnos
638 775 922 825 iudicauimus
933 792 949 831 5
970 793 1156 841 quorum
1169 793 1302 826 vnum
1313 777 1430 826 idem
1442 782 1620 828 Marcus
1628 778 1848 829 Fidentius
1864 782 2070 849 Equitum
2079 779 2292 848 Magister

515 847 672 914 eligat,
692 862 827 912 quem
846 845 1022 894 libuerit
1034 880 1044 889 .

582 919 684 982 Ego
705 913 842 963 Ascus
861 914 1050 963 Cronius
1067 916 1229 980 primus
1247 918 1394 974 Sares,
1417 931 1463 965 vt
1482 915 1628 985 supra,
1645 916 1788 986 scripsi
1806 953 1820 967 .

583 987 684 1051 Ego
703 985 866 1033 Ennius
890 984 1062 1032 Alerius
1085 981 1297 1032 secundus
1317 989 1437 1033 Sares
1457 1021 1468 1032 .
1621 1036 1624 1040 ,

583 1056 684 1120 Ego
702 1054 844 1102 Pailus
862 1054 1099 1102 Memmius
1120 1069 1172 1101 ex
1191 1069 1379 1120 quatuor
1399 1059 1524 1104 Sares
1544 1058 1694 1106 tertius
1711 1090 1723 1102 .

583 1126 684 1192 Ego
703 1124 858 1171 Lucius
878 1121 1049 1170 Fidicus
1072 1126 1194 1171 Sares
1211 1138 1385 1189 quartus
1404 1159 1415 1168 .

582 1194 682 1258 Ego
700 1196 877 1240 Marcus
888 1189 1102 1239 Fidentius
1119 1193 1330 1258 Equitum
1352 1192 1582 1258 Magister,
1594 1208 1692 1242 cum
1704 1227 1717 1250 ,
1729 1210 1842 1258 quos
1864 1197 1986 1242 Sares
1997 1191 2155 1247 nostri,
2167 1208 2215 1243 vt
2225 1191 2291 1241 su-

516 1276 595 1325 pra
605 1259 1115 1326 proposuerunt,dignos
1135 1277 1288 1309 omnes
1299 1261 1651 1320 existimauerim,
1673 1262 1829 1329 quibus
1849 1262 2136 1310 Scornellanae
2159 1263 2288 1312 Arcis

515 1327 706 1377 custodia
718 1332 933 1377 committi
944 1326 1097 1395 poffit,
1108 1344 1155 1378 vt
1164 1330 1266 1377 nulli
1275 1329 1496 1378 detraham
1506 1366 1520 1390 ,
1532 1338 1578 1381 δε
1591 1348 1687 1379 cum
1703 1348 1856 1379 omnes
1866 1330 1944 1379 fint
1955 1329 1980 1378 ὲ
1989 1335 2023 1378 (“
2033 1330 2194 1397 ollegio
2216 1347 2288 1379 Au-

512 1412 665 1463 gurum
677 1432 691 1456 ,
710 1398 788 1464 ipfi
816 1400 1024 1464 Collegio
1036 1415 1113 1447 eos
1124 1398 1414 1457 commendo,
1427 1405 1473 1448 δε
1493 1400 1718 1456 concedo,
1732 1416 1776 1448 vt
1795 1400 1878 1449 hac
1889 1404 1985 1449 vice
1998 1398 2131 1448 solum
2150 1415 2203 1447 ex
2224 1400 2291 1449 his

511 1480 696 1532 quatuor
706 1500 720 1524 ,
731 1484 864 1533 quem
877 1467 1122 1534 dignior-em
1131 1467 1345 1528 viderint,
1357 1469 1519 1536 eligant
1528 1489 1543 1528 5
1556 1474 1601 1521 &
1613 1469 1798 1523 electum
1820 1471 1994 1521 Senatui
2006 1467 2063 1518 de
2079 1484 2203 1518 more
2213 1485 2292 1537 ap-

509 1533 787 1600 probandum
806 1551 1085 1606 proponant.

573 2041 674 2106 Ego
692 2036 833 2089 Asnus
852 2040 999 2108 Niger
1020 2040 1210 2109 Collegij
1231 2041 1419 2091 Militum
1432 2043 1603 2103 Scriba,
1615 2037 2208 2112 Magistroiubente,scripfi.

558 2150 707 2210 Qam
717 2146 913 2213 Magistri
924 2149 1114 2199 Militum
1128 2168 1227 2205 cum
1238 2152 1463 2220 recepiffet
1475 2150 1801 2207 conceffionem
1815 2152 2066 2223 Collegium
2076 2154 2266 2203 nostrum
2268 2191 2283 2215 ,

507 2216 647 2263 maior
656 2232 755 2281 pars
768 2215 893 2281 ipsius
904 2218 1077 2285 Collegi
1079 2223 1095 2283 j
1110 2222 1254 2288 elegit,
1265 2237 1473 2290 tanquam
1484 2223 1744 2289 digniorem,
1753 2220 2009 2287 Prosper-um
2020 2222 2285 2282 Fesulanum3

538 2296 556 2330 t
565 2281 631 2331 eff
628 2298 674 2331 et
692 2283 851 2332 Custos
871 2287 981 2333 Arcis
992 2291 1197 2336 Scornelli
1210 2310 1224 2347 3
1237 2290 1344 2339 ficut
1356 2292 1528 2341 videtur
1537 2295 1581 2339 in
1592 2291 1703 2340 libro
1715 2290 1864 2357 quodi
1884 2292 2044 2354 Augurii
2055 2291 2127 2339 sub
2139 2292 2209 2339 die
2221 2292 2284 2341 se-

505 2351 650 2400 cunda
659 2354 809 2415 Martij
819 2370 935 2401 Anno
947 2355 1044 2419 post
1055 2358 1262 2408 Vulterrae
1274 2360 1611 2409 aedificatione1n
1631 2378 1703 2408 013
1720 2378 1793 2406 cro
1808 2377 1851 2406 ω
1858 2376 1972 2406 ccxc
1983 2377 2042 2407 vr.
2064 2365 2164 2407 cum
2179 2361 2285 2411 effet

505 2419 744 2470 Praefectus
752 2421 901 2470 Elbius
912 2422 1157 2474 Dandolius
1169 2428 1509 2477 Vulterranenfis
1523 2435 1717 2485 Senator,
1730 2434 1774 2476 δε
1785 2432 1836 2475 M
1839 2427 1991 2493 agister
2000 2431 2155 2476 Lucius
2170 2428 2282 2478 Mes-

508 2487 586 2537 fius
596 2490 841 2539 Perusinus.
861 2490 974 2539 Tum
985 2493 1064 2558 ipsi
1073 2495 1290 2561 Prospero
1303 2498 1508 2546 mandatu
1519 2498 1597 2545 fuit
1608 2532 1623 2551 ,
1643 2512 1692 2546 vt
1702 2497 1863 2562 aliquid
1882 2514 2153 2562 proponeret
2164 2533 2178 2550 ,
2191 2515 2281 2563 quo

508 2555 552 2605 se
563 2556 775 2606 idoneum
787 2558 842 2607 ad
852 2561 937 2607 tale
949 2578 1102 2611 munus
1111 2562 1423 2614 demonstraret
1433 2602 1449 2621 2
1471 2582 1519 2616 vt
1540 2569 1713 2616 Senatui
1724 2566 1768 2613 id
1780 2581 2098 2630 proponeretur
2107 2600 2119 2621 ,
2135 2582 2180 2613 vt
2190 2566 2282 2633 ipse

509 2625 840 2676 confirmaretur
849 2661 861 2675 .
906 2629 1034 2678 Idem
1045 2631 1273 2699 prosperus
1282 2633 1477 2701 sequenti
1488 2635 1558 2684 die
1569 2653 1667 2701 quae
1677 2634 1908 2700 sequuntur
1917 2633 2143 2699 proposuit
2155 2671 2166 2680 .

575 2698 677 2760 Ego
696 2697 928 2762 Prosperus
941 2699 1034 2748 haec
1047 2717 1098 2749 ex
1108 2702 1275 2768 legibus
1284 2737 1298 2762 ,
1308 2709 1352 2752 &
1362 2704 1549 2753 humana
1561 2706 1729 2752 ratione
1741 2702 1899 2766 collegi
1912 2719 2127 2767 praecepta
2143 2742 2153 2754 2
2177 2720 2277 2769 quae

504 2761 635 2812 vobis
645 2796 660 2821 ‚
670 2762 1132 2836 SanCtil‘fimiAugures
1141 2804 1156 2829 ,
1169 2770 1224 2819 ad
1234 2772 1475 2822 custodiam
1486 2775 1613 2823 Arcis
1625 2771 1832 2821 Scornelli
1847 2771 1902 2818 de
1915 2788 2037 2819 more
2050 2790 2128 2836 pro
2134 2790 2275 2837 pone-

502 2846 626 2882 rem:
645 2833 778 2898 igitur
794 2851 876 2884 vos
885 2852 990 2895 oro,
1008 2853 1081 2896 vt,
1103 2838 1131 2886 fi
1142 2840 1342 2905 placent,
1369 2845 1541 2891 Senatui
1560 2840 1715 2890 eadem
1733 2842 2016 2906 proponatis,
2035 2856 2082 2889 vt
2104 2840 2127 2887 a
2149 2842 2274 2889 vobis

501 2900 666 2951 electus
683 2900 740 2950 ab
759 2900 851 2968 ipso
870 2908 1029 2954 Senatu
1046 2908 1302 2958 confirmer.

572 2971 963 3038 Magnanimitate,
981 2980 1028 3024 &
1045 2977 1277 3027 clementia
1288 2981 1463 3045 potius,
1488 2996 1621 3048 quam
1641 2978 1937 3031 immanitate,
1958 2983 2003 3026 &
2023 2976 2120 3026 feris
2141 2978 2271 3027 armis

504 3035 725 3118 superatur
747 3039 902 3102 hostis,
921 3047 1120 3113 quamuis
1137 3045 1308 3097 furens·

2087 3119 2204 3187 eiiii-2
