2406 3580
698 299 899 377 Liber
955 305 1271 404 Qartus.
1457 291 1461 294 .
1765 344 1792 384 2
1805 343 1873 404 33

156 449 159 451 “
262 430 360 492 Ego
371 429 502 475 Caius
513 429 683 475 Alerius
695 427 977 474 Vulterranus
989 430 1106 475 Ciuis
1117 461 1130 485 ‚
1156 430 1327 496 Collegi
1328 437 1345 495 j
1366 432 1514 481 Scriba
1533 432 1747 501 subscripsi

766 500 902 543 Anno
913 497 979 544 cia
990 497 1056 543 cio
1075 497 1239 546 inccxv.

16 646 18 694 3
235 630 388 683 Raefidi
398 628 790 698 perniciosissimum
800 630 861 678 est
873 630 1167 680 ordinationes
1179 667 1193 690 ‚
1205 633 1377 700 &leges
1388 637 1598 688 maiorum
1622 651 1789 689 mutare
1799 674 1810 687 .

127 636 223 762 P
302 702 505 765 Princeps
516 717 663 748 amore
672 734 686 757 ‚
698 698 968 764 Magistratus
981 702 1137 748 timore
1148 704 1336 768 populos
1347 719 1500 771 regant
1510 741 1521 751 .

194 773 307 818 Pace
320 770 456 833 magis
467 802 480 820 2
523 785 617 817 uam
626 769 747 816 bello
758 769 929 816 Ciuitas
941 783 1121 835 augetur
1131 802 1144 815 .

194 836 353 885 Melius
365 837 427 889 est
437 837 515 885 obi
536 848 606 884 are
617 871 631 895 ,
642 835 698 884 ne
709 837 801 901 quis
823 835 1068 902 delinquat,
1086 854 1217 904 quam
1228 838 1380 890 delicta
1392 844 1564 908 punire.

192 908 344 953 Fortes
356 907 522 954 iniurias
535 903 673 953 subito
683 903 1007 953 obliuiscuntur.

193 972 318 1021 Nihil
332 972 502 1031 foedius,
515 990 643 1038 quam
655 974 805 1021 iniuria
816 974 868 1022 ali
869 976 908 1038 js
918 974 1034 1023 illata
1043 975 1088 1022 in
1098 977 1317 1026 amtorem
1329 978 1487 1027 reiensta
1496 1012 1510 1025 .

193 1045 260 1089 Ira
272 1043 484 1089 rationem
496 1039 718 1090 abscondit
728 1076 739 1089 .

192 1114 283 1167 Ira',
294 1108 368 1158 vbi
379 1113 489 1158 vires
501 1109 730 1169 deficiunt,
742 1113 924 1160 maxima
938 1128 1064 1176 poena
1073 1110 1136 1159 est
1146 1147 1157 1159 .

193 1182 261 1227 Ira
271 1212 284 1236 ,
295 1195 378 1243 que
391 1177 452 1226 est
463 1181 637 1227 rationis
644 1197 798 1227 comes
807 1179 862 1228 ad
874 1181 1004 1227 multa
1016 1183 1190 1246 egregia
1203 1179 1391 1231 facinora
1404 1183 1589 1231 animat.
1652 1205 1654 1209 ·

189 1245 493 1296 Adolescentis
504 1249 667 1296 animus
677 1248 874 1297 laudibus
883 1282 897 1306 ‚
909 1255 953 1298 &
961 1252 1226 1315 praematuris
1236 1251 1474 1302 honoribus
1485 1250 1539 1302 ad
1551 1247 1794 1319 superbiam
1806 1267 1879 1301 ex-

120 1316 284 1368 tollitur
295 1351 305 1361 .

190 1384 458 1433 Obedientia
470 1385 672 1434 omnibus
684 1384 810 1434 rebus
822 1385 1109 1451 praestantior.

191 1453 440 1519 Impudicus
451 1472 573 1503 amor
581 1454 711 1504 hostis
723 1454 785 1504 est
795 1454 1011 1504 bonarum
1024 1457 1197 1517 artium3

186 1522 462 1587 Impudentia
473 1524 785 1590 ingratitudinis
796 1523 915 1572 soror
924 1558 936 1570 .

188 1592 305 1639 Bella
315 1625 327 1649 ,
341 1597 385 1640 &
395 1590 616 1641 discordiae
627 1610 680 1641 ex
691 1592 812 1641 diuiti
814 1596 852 1657 js
864 1594 1056 1642 oriuntur
1067 1627 1080 1641 .

190 1662 330 1711 Diues
340 1677 489 1710 auarus
501 1660 560 1710 est
571 1664 698 1727 inops
710 1697 721 1709 .

187 1730 386 1777 Nimium
397 1729 567 1795 prodigi
580 1729 780 1796 culpandi
795 1765 808 1778 .

186 1800 296 1845 Haec
307 1797 446 1855 vobis,
461 1799 736 1847 Dorchethes
747 1795 1076 1865 prudentiffimi,
1086 1797 1313 1865 proposui,
1323 1814 1413 1847 non
1425 1796 1547 1864 quod
1555 1794 1611 1844 ad
1623 1793 1755 1845 nostri
1774 1795 1881 1844 Col-

110 1866 222 1943 ¹legij
234 1882 384 1914 munus
394 1865 710 1915 substinendum
722 1885 792 1916 me
803 1867 1013 1916 idoneum
1023 1870 1220 1916 nouerim
1230 1901 1244 1927 ,
1258 1865 1329 1917 sed
1338 1867 1394 1917 ne
1405 1873 1633 1934 Augurum
1654 1867 1699 1914 in
1709 1882 1781 1913 me
1800 1865 1880 1913 be-

111 1936 375 1987 ·neuolentiae
387 1937 574 2001 ingratus
587 1936 735 1984 videar
747 1971 758 1984 .

187 2007 286 2070 Ego
297 2003 504 2070 Vospicus
515 2008 725 2054 Atriarius
736 2040 748 2063 ,
759 2008 940 2053 Senator
949 2004 1287 2054 Vulterranenfis
1297 2039 1312 2064 ,
1321 2005 1501 2054 Lucium
1512 2003 1707 2053 Aletium
1718 2002 1878 2050 Ciuem

120 2074 424 2123 Vulterranum
440 2072 613 2139 dignum
627 2073 712 2123 effe
724 2073 962 2139 Magisterij
976 2091 1169 2127 munere,
1182 2071 1332 2122 affero.

189 2145 290 2208 Ego
303 2139 426 2191 lafius
437 2142 672 2190 Torbonus
684 2147 865 2192 Senator
877 2141 1097 2190 Perusinus
1109 2177 1124 2196 ,
1136 2139 1651 2209 AugurumDorchethes
1663 2173 1676 2186 .

187 2214 286 2275 Ego
297 2212 465 2258 Meuius
474 2210 662 2260 Visehius
672 2215 850 2260 Senator
869 2210 1218 2269 Mediolanensrs,
1230 2209 1496 2260 Thuscorum
1515 2206 1882 2275 AugurunsDor-

118 2279 175 2328 ch
183 2280 306 2327 ethes
317 2314 327 2325 .

188 2352 287 2413 Ego
300 2347 467 2395 Torcus
479 2350 643 2414 Cugius
654 2346 859 2397 Vadenfis
869 2350 1069 2397 Colonus
1077 2382 1092 2406 ,
1103 2354 1148 2397 &
1157 2347 1435 2396 Dorchethes
1448 2381 1460 2394 .

188 2421 286 2481 Ego
300 2418 452 2463 Lucius
465 2417 639 2466 Ercusus
650 2419 838 2467 Sutrinus
849 2451 863 2476 ‚
884 2424 928 2467 &
946 2418 1192 2466 Vulterrani
1212 2417 1402 2483 Collegij
1422 2412 1652 2464 Praefestus
1669 2412 1880 2463 Lucium„

121 2485 317 2534 Alei-ium
327 2484 541 2553 confirmo
555 2520 567 2533 .

191 2877 292 2940 Ego
303 2874 475 2922 Meuius
487 2877 672 2929 Mauru5‚
681 2872 879 2921 Patritius
890 2873 1169 2922 Vulterranus
1177 2904 1191 2931 ‚
1202 2885 1331 2939 atque
1341 2875 1570 2938 Augurum
1593 2875 1742 2924 Scriba
1753 2874 1880 2927 subfi-

126 2945 261 3011 gnaui
274 2946 405 2992 Anno
418 2944 484 2992 cio
498 2944 563 2991 cia
574 2941 749 3002 ioccxxj.

178 3139 183 3143 .
1182 3078 1185 3080 -
1611 3099 1813 3149 Dorche-

0 3236 2 3265 ι
