2406 3580
343 2561 384 2605 C

476 1262 482 1265 -
501 1239 696 1306 puniatur
707 1236 855 1283 infami
868 1271 879 1282 .
1934 1264 1937 1268 .

510 303 633 385 176
977 285 1280 362 Etbrusc.
1299 286 1535 390 Antiq.
1553 286 1812 389 Fragm.

572 414 706 479 Qod
728 413 841 462 Esari
861 412 1039 469 libatur,
1056 411 1135 459 sale
1148 413 1450 477 cooperiatur3
1468 412 1596 461 vino,
1619 409 1810 471 oleoque
1833 405 2161 473 conspergatur.
2196 414 2262 456 At

507 483 702 532 Pontifex
714 517 727 542 ,
748 483 820 547 qui
834 487 1007 530 Sacrum
1018 480 1121 528 fecit
1131 515 1143 538 ,
1156 479 1355 547 fiuiguine
1365 514 1378 536 ,
1391 485 1434 527 &
1446 479 1572 526 melle
1584 477 1661 524 fibi
1672 477 1833 525 vultum
1847 475 1992 524 abluat
2003 495 2016 524 .·
2029 476 2127 524 inde
2139 494 2261 525 mna-

506 558 539 601 is
563 552 642 600 faci
648 567 689 598 at
699 586 711 608 ,
727 553 840 614 ligna
852 548 1080 596 succendat
1091 584 1103 607 ,
1117 550 1265 596 &thus
1278 549 1470 598 adoleat.

574 627 744 682 Qater
761 618 931 683 singulis
950 620 1069 665 annis
1081 617 1294 665 vniuersus
1307 617 1490 683 populus
1502 613 1747 662 solemniter
1756 611 1871 660 Esari
1882 613 2103 661 immolet.

573 690 702 746 Belli,
715 687 841 753 pestis
852 720 865 744 ,
877 685 998 733 famis
1009 721 1021 743 ,
1033 686 1263 744 seditionis,
1275 702 1346 734 aut
1357 683 1535 733 cuiusuis
1545 682 1765 744 infortunij
1776 716 1788 738 ,
1801 697 1875 729 aut
1886 682 2138 731 calamitatis
2149 698 2262 731 tem-

503 775 610 828 pore
630 758 768 804 nullus
788 754 943 802 audeat
953 755 1009 802 ad
1030 755 1261 820 Templum
1275 753 1510 811 accedere,
1532 750 1604 801 nifi
1623 750 1820 800 Pontifex
1848 752 2082 798 Maximus.

570 830 851 873 Mortuorum
871 826 1126 888 portitoreS,
1142 828 1184 872 δέ
1206 827 1279 889 qui
1294 821 1515 889 lugubrem
1526 820 1689 870 vestem
1702 820 1883 866 induunt
1905 834 2123 884 nunquam
2136 837 2263 868 acce-

503 895 606 942 dant
625 894 681 942 ad
699 893 874 959 Templi
885 894 1030 941 limina
1043 911 1057 949 3
1070 908 1149 940 nec
1160 893 1372 949 hominis,
1392 905 1465 938 aut
1484 891 1653 939 alterius
1673 888 1866 937 animalis
1885 887 2070 935 cadauer
2090 888 2187 937 illac
2200 892 2265 937 in-

502 964 661 1013 feratur
673 997 684 1009 .

569 1032 716 1098 Siquis
727 1031 841 1077 circa
861 1027 1034 1094 Templi
1045 1031 1230 1094 parietes
1241 1027 1294 1077 ad
1315 1026 1453 1094 passus
1471 1028 1644 1092 triginta
1657 1024 1725 1073 sex
1746 1026 1972 1081 moriatur,
1994 1023 2022 1071 fi
2035 1040 2174 1073 morte
2188 1043 2265 1073 na-

503 1101 626 1148 turali
636 1134 649 1157 ,
662 1099 863 1164 polluitur
871 1097 1106 1163 Templum
1118 1115 1130 1153 3
1151 1102 1194 1145 &
1212 1097 1390 1145 solemni
1410 1097 1653 1161 expiatione
1675 1111 1783 1159 opus
1796 1093 1857 1140 est
1868 1116 1881 1139 .·
1912 1092 1941 1139 fi
1953 1090 2058 1140 vero
2071 1095 2264 1143 violenta

502 1184 642 1217 morte
657 1168 890 1224 ceciderit,
911 1181 1009 1216 ante
1034 1169 1348 1235 expiationem,
1372 1167 1560 1222 is,cuius
1583 1179 1715 1230 opera
1736 1163 1805 1210 ille
1828 1161 1906 1209 fuit
1919 1159 2102 1220 occisus,
2121 1178 2264 1212 morte

567 1310 616 1353 In
628 1306 743 1352 nullo
754 1305 838 1353 alio
850 1305 951 1352 loco
962 1338 975 1361 ,
989 1321 1120 1369 quam
1131 1304 1338 1352 Vulterrae
1349 1304 1541 1350 Maximo
1552 1300 1665 1348 Esari
1684 1299 1916 1365 Templum
1930 1297 2140 1349 dicabitur
2150 1337 2160 1346 .

565 1377 846 1440 Vnaquaeque
857 1373 1016 1422 familia
1026 1387 1187 1421 certam
1199 1372 1318 1420 diem
1330 1371 1405 1419 sibi
1416 1370 1647 1419 constituat
1656 1404 1669 1427 ,
1680 1387 1766 1439 qua
1776 1369 1944 1437 singulis
1955 1370 2073 1417 annis
2087 1371 2146 1416 Di
2147 1392 2162 1435 J
2171 1386 2189 1417 s
2200 1368 2264 1418 sa-

502 1442 668 1490 crificet
679 1478 689 1489 .

571 1516 682 1558 Item
694 1508 786 1557 suos
796 1511 983 1557 Penates
996 1509 1162 1574 semper
1172 1509 1382 1557 custodiat
1392 1543 1405 1562 2
1415 1515 1458 1557 Sc
1468 1522 1701 1556 veneretur
1710 1533 1724 1559 ,-
1748 1524 1830 1554 nec
1854 1507 2030 1555 fustibus
2054 1508 2181 1567 cedat
2191 1543 2203 1566 ,
2215 1524 2262 1558 vt

503 1581 554 1627 ali
558 1600 569 1643 1
583 1577 829 1644 inreligiose
842 1579 1010 1626 caedunt
1021 1597 1034 1634 3
1047 1595 1199 1624 eorum
1211 1595 1371 1625 nomen
1384 1595 1470 1625 non
1482 1579 1744 1624 reueletur.Si
1755 1579 1850 1642 quis
1861 1576 1955 1624 suos
1966 1580 2152 1625 Penates
2162 1596 2261 1643 per-

503 1667 525 1696 c
534 1648 671 1695 usserit
684 1682 695 1705 ,
707 1646 844 1695 ambae
855 1664 1004 1694 manus
1015 1647 1071 1693 illi
1083 1647 1368 1711 praecidantur
1380 1681 1389 1689 .
1433 1648 1473 1693 Si
1486 1645 1668 1693 verbum
1680 1645 1857 1710 aliquod
1878 1647 1921 1691 in
1943 1661 2018 1692 eos
2029 1662 2261 1695 contume-

501 1715 625 1764 liosus
636 1718 876 1780 protulerit,
889 1716 1033 1780 lingua
1043 1714 1246 1779 sacrilega
1260 1718 1298 1761 ei
1312 1729 1579 1779 amputetur:
1593 1716 1696 1760 item
1707 1713 1735 1760 si
1746 1731 1906 1760 nomen
1920 1715 2014 1777 quis
2038 1716 2261 1763 reuelaue-

500 1789 573 1833 rit.
609 1791 671 1832 At
682 1783 883 1849 publicos
894 1788 1076 1831 Penates
1086 1782 1361 1848 vnusquisque
1373 1799 1423 1829 ea
1439 1785 1672 1830 reuerentia
1686 1783 1800 1829 colat
1810 1815 1823 1839 ,
1844 1789 1888 1829 &
1907 1781 2107 1830 obseruet
2118 1818 2130 1840 ,
2143 1774 2262 1849 qua-i

499 1854 649 1910 decet,
663 1851 850 1919 alioquin
862 1855 980 1919 graui
992 1868 1121 1918 poena
1130 1854 1325 1917 puniatur
1335 1887 1345 1898 .
1382 1857 1445 1899 At
1455 1850 1481 1897 si
1495 1869 1646 1899 eorum
1658 1868 1820 1899 nomen
1842 1853 1935 1916 quis
1945 1851 2090 1917 palam
2113 1852 2257 1902 facere

497 1922 619 1971 ausus
632 1921 756 1968 fuerit
766 1922 935 1986 ,lingua
949 1919 1119 1986 praecisa
1129 1923 1229 1985 igne
1242 1920 1520 1967 comburatur
1531 1955 1541 1967 .

565 1992 799 2038 Occultum
812 2005 959 2037 autem
974 1989 1104 2036 Vrbis
1116 1988 1265 2035 nostrae
1277 2005 1436 2036 nomen
1448 1988 1474 2034 si
1486 1990 1580 2053 quis
1591 1988 1681 2051 alijs
1694 1988 2112 2046 reuelauerit,eidem
2125 2009 2253 2056 poene

492 2059 539 2107 fit
549 2059 870 2123 obstrictusque
883 2060 919 2105 ei
931 2057 1082 2105 statuta
1093 2056 1176 2113 est,
1199 2059 1274 2122 qui
1286 2056 1554 2122 publicorum
1564 2061 1772 2103 Penatum
1785 2074 1947 2105 nomen
1955 2059 2253 2125 publicauerit.

565 2131 698 2176 Extra
709 2127 840 2174 Vrbis
853 2128 1009 2174 moenia
1021 2125 1241 2190 sepulturae
1251 2127 1407 2172 mortui
1420 2124 1737 2173 demandentur
1748 2161 1760 2173 .

563 2201 815 2244 Senatorum
830 2210 997 2242 tanturn
1010 2211 1195 2258 corpora
1206 2209 1451 2241 cremantor
1462 2229 1473 2239 .

561 2265 756 2313 Vestales
769 2263 900 2311 solum
913 2299 927 2316 2
941 2270 983 2311 δε
995 2263 1230 2310 Pontifices
1241 2265 1283 2309 in
1294 2261 1412 2309 Vrbe
1426 2260 1697 2329 sepeliantur.

560 2332 851 2398 Vnusquisque
864 2334 907 2379 in
919 2331 989 2379 suo
1002 2349 1107 2397 agro
1119 2330 1346 2399 sepeliatur
1356 2366 1387 2399 .¹

562 2405 602 2451 Si
614 2405 708 2468 quis
718 2403 939 2467 proprium
953 2400 1210 2466 sepulcrum,
1222 2415 1295 2447 aut
1305 2404 1454 2464 agrum
1467 2416 1554 2446 non
1576 2398 1797 2458 habuerit,
1815 2400 1859 2448 in
1877 2398 2100 2449 nemorosa
2113 2402 2242 2452 silua„

492 2470 712 2537 sepeliatur
723 2503 736 2527 ,
747 2486 821 2518 aut
830 2472 873 2517 in
884 2487 989 2534 agro
999 2470 1146 2534 Nigro
1157 2483 1274 2516 extra
1285 2472 1459 2515 Portam
1473 2470 1648 2514 Dianae.

559 2540 735 2604 Singulis
747 2541 866 2586 annis
878 2537 1000 2603 supra
1012 2553 1274 2585 mortuorum
1287 2535 1477 2601 sepulcra
1489 2534 1699 2584 solemnes
1711 2537 1954 2586 Ochincres
1974 2538 2215 2589 celebretur
2227 2578 2239 2590 .

557 2609 714 2655 Nullus
726 2623 864 2655 morte
878 2606 1104 2654 damnetur
1114 2640 1126 2663 ,
1138 2604 1209 2653 nisi
1220 2608 1440 2653 Lucumon
1452 2604 1691 2653 consentiat
1701 2640 1712 2651 .

558 2676 689 2723 Iudex
699 2675 882 2740 quilibet
894 2673 920 2720 si
934 2677 1158 2741 pecuniam
1170 2708 1183 2732 ,
1194 2689 1265 2721 aut
1276 2674 1391 2721 aliud
1402 2675 1621 2739 acceperit
1632 2675 1773 2737 capite
1782 2673 1922 2722 statim
1934 2676 2142 2741 plectatur
2152 2714 2162 2725 .

557 2745 645 2804 OQ
655 2744 770 2791 testis
781 2742 898 2791 falsus
910 2743 1033 2791 fuerit
1042 2745 1323 2809 ignominiam
1334 2741 1473 2808 paffus
1485 2757 1634 2807 pereat
1643 2741 1866 2790 inhoneste
1877 2778 1888 2787 .

557 2814 643 2874 Oui
655 2814 880 2860 conciuem
893 2811 1152 2876 prodiderit,
1163 2810 1334 2859 fustibus
1345 2810 1467 2859 caesus
1479 2811 1503 2860 ὲ
1514 2813 1655 2859 Patria
1666 2811 1856 2872 eijciatur
1866 2848 1876 2857 .

555 2882 642 2946 Qi
653 2879 845 2929 consulto
856 2880 1011 2928 domos
1020 2915 1033 2939 ,
1048 2896 1120 2928 aut
1128 2898 1255 2946 agros
1265 2880 1506 2929 incenderit
1516 2881 1614 2944 igne
1625 2877 1904 2928 comburatur
1914 2916 1927 2929 .

553 2951 665 3065 Νὲη
676 2948 927 2998 dedicentur
937 2949 1122 3017 Templa
1132 2984 1145 3008 ,
1157 2964 1230 2999 aut
1241 2950 1404 2999 Altaria
1412 2985 1428 3004 2
1439 2948 1510 2998 nisi
1523 2953 1700 2997 Senatus
1709 2982 1722 3007 ,
1732 2951 1955 2999 Lucumon
1963 2985 1978 3011 ,
1998 2958 2043 3001 &
2052 2953 2233 3003 Pontifi.

485 3034 558 3068 ces
569 3035 593 3065 a
628 3032 839 3066 entiantur
854 3053 864 3063 .

2027 3110 2075 3154 In
2088 3112 2162 3156 Se-
