2406 3580
521 384 602 445 14
972 340 1276 418 Ethiusc.
1296 341 1533 442 Antiq.
1555 340 1608 414 F
1614 367 1812 441 ragm.

667 474 704 515 V
720 472 752 514 L
762 469 849 513 TE
861 468 904 513 R
914 466 957 511 R
966 467 1009 508 A
1019 495 1032 518 ,
1069 459 1094 508 ὲ
1104 465 1272 525 Magno
1285 457 1563 506 Vandimone
1575 459 1619 504 in
1630 458 1788 504 montis
1808 458 2035 503 cacumine
2047 455 2257 504 aedificata
2266 488 2281 512 ,
2404 506 2406 509 ,

690 538 820 583 Kitim
832 568 847 585 2
859 531 931 579 vel
943 531 1088 595 potius
1100 531 1246 576 Cetim
1260 527 1475 592 appellata
1486 528 1695 590 primum:
1708 525 1823 572 Tum
1836 521 1858 571 ὲ
1872 528 1977 572 Iano
1989 528 2117 590 Rege
2129 525 2283 590 Magni
2400 527 2406 568 i

523 605 809 658 Vandimonis
820 604 1070 663 Pronepote
1083 596 1274 644 Ethursia
1284 630 1296 654 ‚
1308 596 1409 642 inde
1422 609 1631 659 corrupto
1645 593 1863 641 vocabulo
1873 592 2073 641 Ethruria
2085 592 2198 640 dieta
2208 592 2282 640 est.

527 679 609 727 Sed
620 671 768 723 Toreb
775 687 821 717 us
831 668 977 715 Lidius
988 700 1000 723 ,
1014 667 1098 713 hoc
1111 664 1171 712 est
1182 665 1384 712 Tiri·enus
1395 667 1437 710 V
1442 665 1642 711 ulterram
1653 664 1888 728 appellauit
1899 696 1909 707 .
1921 664 2028 709 Haec
2050 655 2190 727 prima
2209 662 2285 708 Ci-

527 750 633 794 uitas
644 742 705 790 est
715 740 754 786 T
757 737 982 785 husccrum
995 769 1007 792 ,
1021 742 1064 782 ὃ(
1075 748 1206 798 caput
1218 769 1228 779 .
1267 737 1392 780 Ianus
1402 735 1532 798 igitur
1541 731 1639 797 post
1649 748 1783 797 quam
1795 731 2001 778 Ethruriae
2010 764 2024 787 ,
2043 729 2156 778 idest
2174 731 2282 777 Vul-

527 829 646 862 terrae
656 814 714 857 im
721 808 839 872 peria
851 803 1028 868 suscepit
1046 806 1116 867 xij.
1129 802 1336 849 Colonias
1347 801 1469 858 misit,
1480 818 1576 867 quae
1587 802 1657 864 xij.
1670 802 1880 848 Ciuitates
1892 798 2279 866 aedificarent5qua-

528 900 619 930 rum
631 881 767 944 prima
777 874 833 923 ab
844 871 1056 921 Ethruscis
1068 869 1277 920 aedificata
1287 869 1428 918 Perufi
1434 887 1520 928 um,
1530 867 1716 918 secunda
1724 869 1945 918 Arretium
1957 870 2094 934 patria
2105 885 2204 917 mea
2224 866 2288 917 fe·-

529 947 721 998 liciffima
733 982 742 991 .

388 1106 432 1149 A
598 1089 702 1134 Hoc
715 1093 1046 1130 monumentum
1056 1076 1141 1126 feci
1151 1113 1166 1130 2
1179 1094 1233 1125 ne
1245 1077 1392 1142 patriae
1404 1091 1511 1124 meae
1520 1075 1757 1141 primordia
1768 1077 2017 1142 ignorarent
2025 1073 2292 1141 posteri‚eg0

532 1156 722 1205 Policras
730 1151 915 1199 Licinius
922 1145 1271 1205 Arretinus,dum
1278 1147 1322 1192 in
1332 1143 1648 1193 Vulterranenfi
1658 1146 1865 1211 Collegio
1873 1145 2068 1213 Magistri
2079 1161 2188 1193 onus
2198 1141 2293 1192 sub-

537 1225 736 1281 stinerem
747 1255 759 1268 .

610 1433 653 1473 H
656 1444 700 1471 as
698 1426 918 1490 scripturas
927 1457 942 1476 2
954 1442 1053 1488 quas
1063 1425 1122 1470 hic
1131 1441 1194 1487 ego
1204 1423 1414 1489 Prosper-us
1424 1437 1554 1486 repono
1563 1455 1579 1475 2
1590 1421 1705 1485 leges,
1715 1438 1767 1471 ‘vt
1776 1422 1943 1471 arbitror
1951 1458 1966 1479 ,
1977 1423 2139 1473 libenter
2147 1458 2160 1472 .

357 1566 483 1626 XXV
692 1565 733 1608 V
735 1561 862 1608 iterra
871 1560 1046 1607 Cethim
1057 1561 1219 1624 antiqui
2403 1548 2406 1607 1

322 1646 492 1696 Scaritly.
716 1645 782 1676 tus
803 1643 962 1676 vocata
983 1628 1060 1676 fuit
1081 1626 1105 1675 {2
1125 1633 1219 1674 Ma*
2399 1631 2401 1635 ’

325 1717 388 1764 die
393 1721 529 1780 iju-
548 1719 635 1758 gno
645 1705 771 1748 Patre
784 1696 1062 1744 Vandimone
1076 1732 1086 1743 .
1132 1700 1219 1742 Ce-

326 1792 392 1835 my,
549 1760 653 1817 {him
675 1768 785 1816 filius
807 1767 974 1812 Iauanis
986 1799 998 1822 ‚
1020 1767 1094 1829 qui
1107 1763 1130 1811 a
1142 1781 1199 1810 no
1213 1791 1221 1800 ·

328 1839 529 1901 Mbcxxxv
550 1838 631 1886 stra
642 1838 827 1884 Ciuitate
848 1850 1010 1880 nomen
1030 1831 1221 1897 sumpsit,

552 1904 803 1953 adolescens
816 1919 914 1949 cum
927 1901 1077 1949 nostris
1100 1901 1222 1948 colo-

554 1977 632 2039 nijs
644 1971 867 2020 discedens
879 1969 1097 2034 quandam
1117 1967 1223 2015 insu-

553 2044 637 2090 lam
649 2044 691 2088 in
702 2038 850 2088 medio
879 2040 1005 2084 maris
1024 2037 1144 2102 supra
1164 2052 1226 2083 ta-

555 2111 676 2157 bulas
689 2109 897 2171 nauigans
911 2109 1146 2170 occupauit
1157 2124 1169 2160 5
1182 2111 1226 2152 ἃ

557 2178 672 2226 suum
684 2212 696 2233 ,
728 2174 949 2239 ciuitatisq3
972 2173 1048 2220 suec
1068 2191 1230 2221 nomen
1294 2226 1296 2229 v

560 2245 778 2311 imposuit:
793 2258 1060 2307 quapropter
1070 2240 1231 2306 Pelasgi

560 2315 615 2362 ad
627 2312 917 2361 differentiam
928 2311 1050 2358 huius
1064 2315 1082 2356 I
1086 2309 1230 2367 msulae,

554 2381 745 2442 nostram
758 2382 1041 2435 ciuitatem&
1053 2379 1232 2444 regione

560 2453 690 2497 Kitim
702 2449 909 2514 appellari
921 2446 1064 2494 dixere
1078 2482 1089 2493 .

628 2523 964 2566 Monumentum
976 2516 1061 2563 hoc
1083 2515 1236 2579 iampri

563 2587 664 2635 dem
678 2584 701 2633 ὲ
711 2590 839 2651 Rege
850 2584 1075 2632 Artabano
1096 2587 1139 2630 in
1149 2582 1237 2630 sum

564 2657 710 2703 mitate
721 2653 1062 2701 ArcisHorchiae
1073 2687 1083 2698 .
1106 2688 1116 2698 .
1131 2688 1140 2698 .
1155 2688 1164 2698 .
1179 2687 1189 2697 .
1204 2687 1212 2695 .
1225 2685 1236 2696 .

564 2741 697 2790 quam
708 2724 874 2788 magnis
884 2724 1014 2769 literis
1026 2720 1238 2768 Ethruscis

567 2790 877 2855 conscriptum,
898 2789 1108 2838 vetustate
1129 2804 1240 2836 tem-

567 2861 686 2927 poris
697 2858 904 2924 dilapsum
923 2859 1059 2904 Aulus
1071 2859 1240 2920 Qinti-
1270 2900 1272 2905 .

569 2945 617 2977 us
627 2929 908 2975 Vulterranus
918 2929 1142 2973 Lucumon
1156 2925 1421 2973 restaurant:
1435 2927 1603 2973 Verum
1614 2922 1783 2973 &Lucio
1796 2918 1909 2987 Sylla
1920 2936 2021 2970 cum
2030 2937 2102 2970 arx
2113 2920 2251 2970 diruta
2260 2917 2311 2970 es
2379 2911 2381 2969 3

567 2995 649 3054 set,
661 3014 715 3044 ne
728 2997 892 3062 periret
903 3029 915 3052 ‚
928 3012 1014 3060 ego
1026 2999 1250 3042 Moecenas
1261 2997 1455 3043 Cecinna
1466 2997 1623 3043 Latinis
1634 2994 1766 3041 literis
1777 2987 1916 3056 scripfi
1924 3024 1938 3049 ,
1950 2997 1994 3041 &
2004 2991 2207 3057 Collegio
2226 2995 2323 3038 Au-
2378 2993 2380 3039 ἱ
2396 3010 2399 3039 z

567 3081 724 3132 gurum
736 3064 897 3112 donaui
908 3099 920 3111 .

2141 3154 2251 3198 Sena
