2406 3580
586 447 657 493 dib
664 449 728 493 rio
742 449 822 493 crit
834 464 846 500 3
860 461 957 490 nam
968 475 980 498 ,
993 459 1093 488 cum
1106 442 1263 488 furtum
1275 440 1536 488 commiserit
1545 474 1558 497 ‚
1569 441 1881 506 ignominiosus
1893 443 1974 489 erit
1983 441 2175 510 semper:
2197 449 2348 494 omnia
2368 443 2372 469 ³

586 514 660 561 tibi
676 515 897 578 relinquo:
912 512 1057 558 omnia
1069 523 1140 556 tua
1151 507 1241 556 sunt
1251 545 1261 555 .
1297 514 1360 557 At
1369 509 1397 556 si
1408 523 1453 556 tu
1463 512 1737 574 permitteres
1747 542 1760 566 ‚
1772 509 1963 575 aliquem
1973 525 2144 576 partem
2154 513 2346 580 aliquam
2364 548 2369 553 .

586 585 594 627 εἴ
599 600 624 628 11
636 582 699 630 his
714 581 874 628 habere
886 613 897 636 ‚
910 580 1012 626 licet
1022 592 1146 643 pater
1156 612 1168 635 ,
1182 577 1291 625 filius
1302 611 1315 635 ‚
1327 592 1399 625 aut
1409 576 1539 625 frater
1549 577 1653 625 esset
1662 612 1675 636 ‚
1695 577 1865 643 semper
1876 578 2048 628 viueres
2058 580 2205 629 infelix
2214 615 2229 640 ‚
2240 588 2284 630 &
2295 583 2346 630 il-

586 652 621 698 le
634 663 874 697 moreretur
884 646 1018 694 subita
1030 663 1170 694 morte
1183 681 1193 692 .
1232 648 1273 695 Si
1284 661 1518 711 antequam
1536 645 1714 711 publice
1733 645 1936 695 omnibus
1957 664 2148 714 exponas
2166 648 2344 716 scriptu-
2364 653 2367 654 ⁷

586 735 647 765 ras
658 752 670 775 ‚
683 717 877 766 moriaris
888 751 900 773 ,
913 713 1094 777 heredes
1104 716 1164 762 tui
1176 729 1269 762 tuas
1281 716 1401 762 vices
1411 714 1727 762 substinebunt:
1750 731 1902 764 verum
1913 733 1996 764 nec
2006 719 2020 763 i
2023 717 2085 782 pfi
2094 750 2108 775 ‚
2127 734 2211 766 nec
2223 734 2269 766 tu
2277 721 2342 767 in·
2363 709 2368 769 fi

584 801 729 834 uentas
741 785 963 851 scripturas
976 786 1027 831 ali
1030 787 1067 845 js
1079 784 1181 831 dare
1194 783 1401 841 audeatis,
1413 801 1512 831 nam
1533 785 1693 831 malum
1712 783 1836 832 instat
1844 803 1858 841 5
1878 779 1951 832 sed
1971 784 2240 852 transcriptas
2257 805 2341 853 po·
2359 825 2362 828 .

582 857 693 912 teris,
707 873 814 920 quas
826 851 1141 919 transcripseris,
1154 852 1270 909 dare,
1283 854 1354 900 cui
1363 853 1552 899 volueris
1564 888 1574 898 .
1597 853 1682 900 Sed
1695 869 1793 899 cum
1802 870 1884 918 per
1894 867 1954 906 te,
1966 868 2039 901 aut
2047 854 2231 915 heredes
2240 869 2341 905 tuos
2360 848 2365 887 .‘

582 922 754 988 publice
765 922 999 989 patebunt,
1012 923 1142 969 etiam
1152 955 1165 977 ‚
1177 938 1283 988 quas
1312 919 1505 967 inueuisti
1516 955 1529 978 ‚
1550 920 1653 968 dare
1664 920 1814 968 licebit
1823 957 1834 968 .
1870 926 1933 969 At
1949 939 2005 970 ne
2015 922 2216 988 publices
2225 957 2240 982 ‚
2258 924 2333 974 nifi
2358 947 2364 965 ·-

581 991 793 1055 presidens
803 1026 817 1045 >
831 1006 902 1040 aut
913 991 1119 1039 lucumon
1128 1024 1142 1049 2
1152 1005 1225 1039 aut
1233 993 1328 1041 Rex
1339 1022 1352 1046 2
1364 990 1439 1054 qui
1452 990 1752 1038 Vulterranam
1762 988 2103 1056 Rempublicam
2121 992 2340 1058 guberna-

581 1060 642 1107 bit
652 1095 664 1117 ,
677 1059 911 1108 consentiat
921 1095 931 1107 .

647 1129 848 1178 Tandem
860 1131 1018 1177 moriar
1029 1147 1040 1177 ε
1053 1146 1137 1195 qne
1149 1127 1233 1177 dixi
1243 1163 1257 1187 >
1269 1132 1314 1176 &
1324 1143 1407 1194 que
1421 1125 1566 1175 dicam
1585 1125 1787 1194 religios&
1807 1125 1989 1177 Obserua
1998 1161 2012 1188 2
2032 1144 2088 1180 ne
2099 1127 2157 1179 de
2167 1143 2210 1180 te
2230 1145 2335 1198 qug-
2356 1188 2358 1191 ι

583 1200 685 1244 raris
698 1198 803 1247 iuste
814 1232 826 1256 ,
839 1199 894 1246 de
907 1215 977 1246 me
987 1197 1137 1247 iniuste
1149 1232 1162 1244 .

651 1270 776 1314 Deos
787 1267 973 1315 honora.

650 1337 690 1382 Si
703 1336 808 1400 quid
821 1354 908 1383 non
920 1336 1057 1393 vis‚ali
1060 1355 1071 1400 J
1079 1353 1097 1384 s
1108 1337 1223 1383 nullo
1235 1334 1370 1384 modo
1383 1330 1513 1386 facias
1523 1368 1537 1382 .

645 1403 829 1451 Patriam
841 1408 959 1452 omni
972 1420 1130 1453 conatu
1142 1404 1330 1453 defende
1341 1441 1352 1452 .

650 1473 791 1520 Semel
802 1473 940 1522 infido
951 1491 1171 1540 nunquam
1183 1472 1337 1521 credas
1347 1510 1357 1519 .
2347 1526 2351 1530 ,

643 1541 775 1589 Nulla
787 1543 961 1600 mulier,
974 1561 1057 1609 que
1067 1542 1115 1590 fit
1124 1577 1137 1600 ‚
1151 1557 1223 1590 aut
1232 1542 1359 1590 fuerit
1368 1539 1603 1597 inhonesta,
1615 1552 1786 1587 maneat
1796 1538 1839 1584 in
1851 1537 1986 1587 domo
1997 1553 2083 1598 tua,
2092 1537 2165 1588 sed
2175 1541 2328 1604 procul

576 1603 598 1652 a
611 1621 668 1664 te,
681 1625 704 1656 a
717 1613 799 1658 tuis
811 1644 823 1669 ‚
836 1611 1010 1678 aud‘omo
1021 1626 1093 1659 tua
1104 1611 1171 1659 fac
1184 1613 1417 1659 viuatmam
1428 1611 1600 1658 foemina
1608 1641 1624 1666 ,
1635 1625 1718 1672 qm}
1731 1607 1857 1654 fuerit
1866 1607 2103 1666 inhonesta,
2113 1607 2185 1656 nisi
2194 1610 2253 1656 ita
2262 1611 2328 1657 vi-
2346 1666 2348 1669 v

575 1690 645 1723 uat
657 1711 947 1728 .............
960 1680 1008 1728 sit
1019 1678 1247 1728 referenda
1257 1713 1270 1736 ,
1283 1682 1362 1727 erit
1372 1679 1528 1727 domus
1539 1692 1618 1724 ture
1630 1677 1845 1741 pernicies
1856 1710 1867 1722 .

638 1746 872 1796 Historiam
884 1751 1089 1811 (ἰαὶ-111119,
1100 1750 1342 1797 orationem
1352 1750 1504 1813 Magni
1515 1749 1557 1794 V
1559 1743 1801 1793 andimonis
1811 1777 1824 1801 ,
1837 1749 1881 1792 δε
1891 1744 2093 1792 annulum
2111 1760 2152 1792 m
2159 1759 2260 1791 eum
2269 1746 2321 1792 ti-
2342 1774 2344 1803 3

572 1809 613 1857 bi
626 1819 894 1868 commendo
906 1855 917 1865 .
930 1820 1040 1866 Vale
1053 1853 1064 1865 .
1098 1823 1230 1865 Anno
1241 1816 1339 1883 post
1349 1817 1592 1872 Catilinam,
1604 1818 1648 1860 ὃ(
1659 1813 1917 1860 Vulterrano
1929 1814 1996 1861 cio
2008 1816 2116 1861 cloio
2127 1830 2180 1861 cc
2189 1816 2319 1878 xcvij.
2343 1825 2345 1833 ’

580 1950 598 1959 «2

326 2020 412 2059 .Ex
457 2014 543 2062 νιιί.

342 2090 374 2128 S
377 2082 502 2127 carith

340 2150 403 2196 die
421 2167 465 2197 ν.
475 2157 508 2199 F
509 2169 544 2196 e-

339 2220 489 2283 bruarij
503 2255 512 2264 .

339 2304 545 2336 MDCXXXV·

420 2393 461 2436 C

640 2021 704 2074 Es
698 2022 819 2070 ulana
830 2023 987 2072 familia
1000 2040 1141 2071 ortum
1153 2021 1301 2069 habuit
1312 2019 1336 2068 ὲ
1345 2019 1536 2068 Thusciae
1546 2023 1674 2086 Rege
1694 2022 1900 2088 Morgete
1919 2038 2000 2088 per
2010 2026 2205 2071 Cronum
2214 2054 2228 2080 ‚
2247 2023 2322 2088 qui

667 2099 777 2143 inter
788 2094 939 2158 viginti
959 2093 1124 2158 primos
1148 2096 1378 2139 Senatores
1397 2088 1606 2137 Fesulanae
1626 2090 1825 2138 Ciuitatis
1846 2095 2026 2139 Senator
2043 2090 2122 2139 fuit
2131 2126 2143 2138 .
2186 2091 2323 2139 Croni
2384 2132 2387 2143 ,,

568 2181 790 2237 pronepos
801 2167 944 2209 Aruns
957 2180 967 2208 :
980 2162 1048 2208 hic
1061 2162 1280 2207 Moeonios
1289 2156 1442 2205 Fesulae
1453 2158 1512 2205 116
1523 2158 1801 2223 recipiendos
1812 2158 1956 2206 institit
1967 2177 1976 2206 :
1989 2159 2114 2209 huius
2123 2158 2234 2208 filius
2243 2161 2323 2206 Er·
2383 2209 2385 2216 A

568 2253 693 2299 getus
701 2231 913 2282 Tarconis
921 2229 1095 2278 senioris
1106 2229 1297 2287 Ethrurie
1308 2228 1445 2292 Regis
1455 2241 1603 2274 contra
1613 2226 1763 2274 Picum
1772 2228 1879 2290 Latij
1890 2231 2063 2293 Regem
2075 2227 2182 2276 dux:
2200 2226 2320 2275 idem
2384 2222 2385 2225 '

568 2292 682 2371 {Affij
697 2317 842 2369 pater:
855 2302 890 2347 is
902 2299 1052 2365 Ergeti
1064 2317 1074 2345 :
1086 2299 1224 2359 Neuij
1235 2299 1271 2344 is
1282 2295 1380 2351 fuit,
1393 2297 1579 2359 quicum
1599 2293 1724 2343 Tallo
1746 2296 1908 2343 Olanio
1921 2299 2011 2361 egit
2029 2295 2085 2344 de
2096 2294 2317 2358 eiJ'ciendo
2381 2311 2383 2315 ·

571 2373 796 2424 Mezentio
809 2388 819 2416 ε
834 2368 913 2416 fuit
923 2370 1085 2433 primus
1095 2364 1321 2413 Fesulanus
1329 2367 1570 2418 Lucumon3
1582 2380 1716 2428 quem
1727 2379 1774 2411 vt
1783 2366 1920 2425 Patrie
1931 2363 2211 2412 liberatorem
2222 2365 2317 2412 vui-
2378 2411 2381 2419 ,

567 2444 706 2492 uersus
716 2434 1164 2505 populusFefiilanum
1175 2433 1429 2499 appellauit3
1440 2430 1485 2478 id
1497 2448 1547 2478 ex
1557 2446 1657 2479 tunc
1677 2431 1828 2480 nostra:
1836 2433 2022 2480 Familiae
2040 2448 2291 2498 cognomen
2301 2465 2312 2476 .
2377 2457 2380 2472 ,

563 2515 715 2560 Neuio
726 2522 812 2556 tres
823 2505 941 2554 fuere
962 2504 1037 2568 filij
1050 2522 1061 2558 3
1074 2503 1252 2550 Abanus
1263 2535 1276 2559 ,
1296 2507 1341 2548 &
1350 2504 1534 2566 Ergetus
1545 2514 1657 2547 trans
1667 2500 1834 2548 Padum
1844 2500 1979 2548 duces
1989 2500 2312 2557 cecidere,dum

562 2586 706 2628 Aruns
718 2577 847 2624 frater
858 2573 961 2622 ess'et
969 2572 1195 2620 Fesulanus
1205 2574 1453 2624 Lucumon3
1465 2569 1585 2615 cuius
1597 2567 1706 2616 filius
1716 2571 1888 2616 Neuius
1899 2567 2039 2616 adhuc
2059 2567 2311 2616 adolescens
2374 2577 2377 2617 ἕ

562 2649 821 2696 defideratus
834 2642 916 2700 est,
929 2659 1030 2689 cum
1041 2656 1190 2688 contra
1201 2644 1472 2686 Antenorem
1489 2635 1725 2684 Troianum
1746 2640 1896 2701 copias
1915 2636 2117 2684 duceret.
2170 2638 2309 2684 Huius
2372 2661 2375 2670 ›

559 2717 813 2782 posthumus
824 2718 967 2759 Aruns
978 2710 1055 2757 fuit
1066 2709 1150 2756 dux
1161 2709 1292 2755 totius
1301 2703 1492 2752 Thusciae
1503 2719 1652 2752 contra
1663 2707 1857 2752 Latinum
1880 2705 2055 2753 Siluium
2068 2740 2079 2751 .
2100 2703 2201 2752 Post
2211 2721 2307 2752 ann.
2371 2746 2372 2751 ,

559 2822 569 2831 .
582 2815 593 2832 1
606 2822 616 2832 .
630 2818 640 2831 .
653 2791 866 2832 Aruntem
878 2781 1006 2827 alium
1017 2779 1192 2824 inuenio
1204 2773 1451 2823 Fesulanum
1462 2771 1617 2820 Fesulae
1626 2775 2018 2838 Lucumonem,qui
2030 2774 2207 2822 Romuli
2217 2777 2308 2823 Re·
2370 2786 2372 2791 ·

559 2857 622 2901 ois
633 2858 935 2903 Romanorum
944 2851 1132 2911 Legatos
1145 2844 1264 2892 domi
1276 2843 1462 2906 recepit:
1476 2841 1573 2889 huic
1586 2856 1706 2888 natus
1718 2841 1780 2888 est
1800 2844 1841 2887 V
1845 2840 1992 2889 esulius
2011 2846 2198 2908 Magnus
2216 2845 2309 2888 Au-

557 2898 657 2982 gur:
671 2924 704 2969 is
715 2924 759 2968 in
769 2919 996 2972 Augurum
1006 2915 1266 2961 Vulterrano
1277 2912 1480 2975 Collegio
1492 2908 1902 2974 Magistei·,interfuit
1912 2908 2306 2975 Concilio‚quando

554 2980 826 3057 Pythagoras
835 2969 993 3044 Jsacris
1004 3017 1017 3040 ,
1037 2980 1194 3046 iustisq3
1213 2979 1403 3045 Legibus
1413 2975 1605 3025 Thusciae
1625 2977 1781 3025 damna
1792 2981 2028 3043 reparauit:
2051 2978 2123 3026 sed
2143 2974 2302 3040 Vesulij
2364 3018 2366 3030 ,

553 3060 707 3121 Magni
718 3063 868 3104 Ancus
881 3053 991 3101 filius
1002 3067 1153 3099 contra
1163 3048 1317 3097 Gallos
1332 3052 1524 3094 Senones
1535 3062 1616 3110 pro
1628 3045 1838 3093 Fesulanis
1850 3046 1934 3094 dux
1947 3046 2024 3094 fuit
2042 3046 2116 3094 sub
2135 3048 2309 3093 Hercu·
2364 3054 2366 3070 '

633 3111 654 3124 k
2058 3130 2097 3178 le
2109 3134 2237 3177 Mau·
2326 3154 2328 3158 ν
2361 3170 2363 3179 ,
