2406 3580
457 367 470 409 i
492 369 516 408 2
536 368 562 409 2
911 331 1216 410 Ethrusc.
1235 330 1470 432 Antiq.
1489 330 1747 432 Fragm.

454 455 469 459 ‘⁴
486 458 492 459 ’
524 459 707 503 Arcilius
719 457 743 503 a
753 455 1020 502 Vulterranis
1030 449 1186 499 Praeses
1197 448 1477 497 confirmatur
1490 484 1500 494 .
1511 452 1559 495 ln
1570 448 1654 494 hoc
1665 463 1779 494 anno
1789 447 1892 494 nihil
1901 449 2185 497 memorabile
2197 483 2208 494 .

460 531 631 572 Marcus
642 526 799 571 Dorius
810 523 973 569 Arcilio
982 516 1171 568 succeffit
1180 552 1194 577 ,
1205 520 1279 584 qui
1290 518 1395 567 alios
1407 517 1563 565 milites
1570 518 1829 583 praeparauit
1841 538 1854 562 .·
1866 533 1982 565 noua
1995 534 2130 567 onera
2139 551 2154 577 ‚
2166 523 2212 566 &

463 594 686 658 vestigalia
700 590 920 656 imposuit.

527 665 669 708 Cinna
680 695 692 718 ‚
704 664 778 725 qui
789 658 907 707 simul
918 675 1017 706 cum
1030 654 1236 722 Carbone
1249 654 1408 702 Consul
1422 652 1698 705 confirmatus
1709 653 1865 712 fuerat,
1888 652 1912 701 a
1925 655 2129 702 militibus
2140 670 2219 702 oca

463 729 636 777 ciditur:
663 729 837 794 quidam
852 727 875 775 a
895 728 1111 790 Menippo
1132 727 1329 772 Cecinna
1349 722 1535 774 occisum
1546 719 1626 770 effe
1638 721 1856 779 dixerunt3
1869 722 1941 770 sed
1952 726 2133 771 incertus
2144 740 2212 770 ru-

464 816 578 846 mor.
604 799 716 865 Sylla
728 801 771 844 in
784 798 946 844 Italiam
960 812 1060 842 cuin
1078 796 1265 841 exercitu
1276 792 1471 840 aduenit:
1485 792 1604 839 multi
1615 789 1785 839 nobiles
1808 792 2054 841 Vulterrani
2064 827 2079 850 ,
2093 798 2137 841 ὃ(
2149 792 2217 855 alij

463 868 579 914 ciues
590 866 779 914 fautores
790 865 922 931 Vsque
933 868 1133 928 Capuam
1147 862 1320 909 obuiam
1331 860 1449 908 luere
1460 898 1469 911 ‚

533 932 734 983 Successit
746 940 897 981 Marco
912 934 1054 979 Dorio
1066 931 1325 978 Vulterrano
1336 928 1504 977 Praefidi
1513 928 1636 976 Titus
1648 929 1873 992 Qntius,
1893 931 1965 994 qui
1984 928 2094 978 duce
2107 930 2221 977 Caio

462 1004 682 1052 Norbano
695 1005 830 1051 altero
842 1008 1048 1053 Romano
1061 998 1232 1047 consule
1244 1001 1480 1047 exercitum
1493 1012 1645 1046 contra
1658 999 1818 1064 Syllam
1831 997 1958 1045 misit.
1969 1000 2108 1046 Multa
2119 1015 2224 1063 pro-

464 1073 579 1139 digia
590 1071 730 1120 secuta
742 1072 854 1130 sunt,
865 1088 962 1137 quae
972 1070 1212 1136 perniciem
1227 1069 1411 1115 ciuitatis
1423 1071 1621 1131 Augures
1645 1065 1941 1117 demonstrare
1953 1068 2225 1132 interpretati

464 1141 579 1191 sunt:
593 1156 863 1207 quapropter
873 1139 1119 1187 Vulterrani
1129 1135 1279 1184 timere
1291 1150 1498 1200 ceperunt
1510 1160 1526 1186 ‚-
1550 1141 1593 1183 δε
1607 1151 1661 1181 eo
1673 1137 1809 1199 magis
1823 1134 2034 1182 timebant
2045 1135 2226 1183 audien-

464 1227 527 1258 tes
538 1212 659 1277 Syllae
670 1211 864 1258 vistorias
877 1244 887 1255 .
900 1213 1073 1255 Marcus
1086 1206 1256 1257 Curtius
1268 1205 1463 1254 Patritius
1473 1207 1698 1252 Romanus
1709 1237 1721 1260 ,
1743 1210 1787 1251 &
1798 1204 2071 1251 Vulterranus
2096 1209 2226 1252 Sena-

464 1295 533 1327 tor
547 1278 761 1326 Praesidens
772 1279 959 1343 eligitur.
996 1275 1239 1323 Vultcrrani
1249 1278 1424 1320 Senatus
1435 1270 1642 1319 sententia
1655 1270 1810 1318 Thusci
1841 1277 1996 1321 Senam
2008 1272 2064 1320 ad
2076 1274 2227 1320 conci-

463 1349 566 1395 lium
578 1348 796 1395 Generale
806 1359 1015 1393 vocantur
1025 1369 1041 1396 ,-
1052 1341 1173 1408 quod
1183 1377 1196 1399 ,
1209 1340 1438 1407 postquam
1454 1339 1478 1388 a
1489 1343 1698 1390 Romanis
1709 1339 1891 1405 superati
1904 1341 2071 1390 fuerant
2082 1376 2098 1394 ,
2119 1357 2228 1388 nun-

465 1434 597 1482 quam
609 1415 763 1462 fastum
777 1415 859 1462 est:
874 1414 994 1460 multi
1006 1429 1055 1462 ex
1064 1410 1240 1459 Thuscis
1254 1410 1534 1466 conueniunt,
1548 1415 1590 1457 &
1602 1424 1753 1456 contra
1765 1410 1925 1475 Syllam
1938 1409 2228 1457 deliberatum

466 1485 527 1536 est
540 1521 549 1531 .
562 1485 747 1550 Magnus
759 1485 929 1549 cogitur
940 1483 1159 1530 exercitus:
1172 1479 1295 1528 multi
1307 1496 1357 1526 ex
1371 1476 1845 1536 Celtiberis,vmbris‚&
1854 1478 2081 1544 Liguribus
2093 1476 2118 1528 ὲ
2127 1481 2167 1525 V
2171 1478 2230 1526 ul-

467 1555 643 1601 terranis
653 1551 856 1600 mercede
867 1549 1072 1599 condudti
1089 1548 1179 1596 sunt
1189 1582 1199 1592 .

538 1623 668 1668 Caius
679 1623 842 1668 Marius
855 1622 1000 1667 Iunior
1009 1620 1051 1665 in
1072 1615 1256 1682 Oppido
1277 1613 1477 1663 praeneste
1499 1612 1680 1662 obsefl'us
1701 1613 1802 1661 fuit:
1816 1615 1969 1662 Gneus
1980 1614 2132 1664 Carbo
2142 1649 2155 1673 ‚
2167 1631 2233 1665 re-

474 1691 571 1737 liuta
583 1688 709 1748 Clusij
724 1687 917 1736 Ethrusci
930 1689 1144 1735 exercitus
1154 1699 1278 1750 parte
1289 1718 1302 1741 ,
1314 1700 1412 1730 cuni
1425 1684 1557 1730 altera
1577 1683 1633 1730 ad
1654 1682 1934 1731 auxiliandum
1955 1687 2068 1732 Mari
2074 1702 2146 1731 um
2160 1700 2236 1732 cu-

475 1760 625 1805 currit:
639 1775 785 1806 veruni
799 1755 823 1804 a
833 1761 989 1803 Marco
1000 1755 1176 1802 Lucullo
1187 1753 1355 1808 fraCtuS,
1368 1757 1411 1799 &
1423 1750 1588 1816 fugatus
1601 1750 1659 1798 est
1669 1776 1684 1802 ,-
1697 1750 1830 1816 quare
1842 1755 1988 1800 omnia
2009 1753 2237 1818 desperans

474 1828 715 1874 Vulterram
727 1825 816 1872 redi
819 1828 855 1888 jt
864 1851 879 1877 ,-
890 1823 1041 1889 postea
1052 1820 1223 1871 Vadam
1233 1820 1273 1870 se
1285 1821 1491 1876 contulit3
1513 1819 1669 1867 deinde
1681 1836 1840 1868 nauem
1851 1820 2099 1869 conscendit
2109 1855 2123 1879 ,
2134 1827 2179 1874 ὃ(
2192 1823 2239 1872 in

475 1895 710 1959 Aphricam
726 1893 1014 1941 transfretauit
1027 1928 1037 1937 .

540 1965 758 2010 Exercitus
778 1961 909 2008 duces
929 1966 1077 2008 Ancus
1094 1959 1285 2006 Velleius
1304 1958 1582 2004 Vulterranus
1603 1958 1789 2005 patritius
1803 1991 1816 2014 ‚
1846 1963 1890 2005 δε
1903 1960 2059 2006 Lucius
2075 1957 2239 2007 Farsius

476 2030 700 2079 Pestilensis
712 2029 824 2095 apud
836 2029 1021 2076 Clusium
1034 2044 1134 2074 cum
1144 2028 1358 2090 Pompeio
1373 2026 1639 2091 Syllanorum
1650 2025 1760 2073 duce
1772 2026 1929 2091 pluries
1940 2026 2235 2075 decertarunt:

478 2100 662 2164 denique
675 2098 923 2163 superantur
935 2116 946 2152 3
958 2096 1143 2143 similiter
1153 2095 1268 2159 apud
1282 2096 1520 2142 Saturniam
1531 2093 1782 2160 pugnauere
1797 2114 1807 2141 :
1821 2094 1892 2141 vbi
1903 2097 2034 2143 etiam
2043 2099 2236 2161 Pompe-

478 2173 539 2216 ius
557 2167 654 2233 post
666 2168 815 2213 multas
826 2165 967 2213 clades
979 2179 1180 2229 acceptas
1189 2162 1376 2227 superior
1388 2161 1486 2209 fuit:
1502 2164 1679 2210 tandem
1699 2162 1830 2210 nostri
1842 2162 1973 2212 duces
1994 2167 2038 2211 in
2060 2165 2236 2212 Vulter-

476 2254 601 2287 ranos
615 2235 719 2282 sines
731 2234 813 2282 sese
829 2248 1084 2299 receperunt
1095 2257 1109 2283 ,-
1121 2229 1211 2296 quo
1223 2231 1342 2278 multi
1355 2233 1561 2278 Samnites
1572 2265 1585 2288 ,
1596 2233 1833 2290 Picentini,
1847 2238 1891 2279 &
1904 2232 2074 2280 Insubre
2084 2250 2102 2280 s
2116 2233 2234 2299 Syllg

474 2304 612 2352 infesti
623 2318 826 2351 venerunt
837 2338 844 2346 .
857 2308 1029 2349 Marcus
1041 2302 1217 2347 Flaccus
1228 2334 1243 2351 2
1256 2302 1327 2364 qui
1340 2299 1445 2346 solus
1460 2317 1512 2347 ex
1523 2301 1684 2347 Flaccis
1695 2317 1776 2365 pro
1788 2303 1931 2348 Mario
1943 2316 2059 2354 erat,
2079 2298 2235 2350 Curtio

476 2391 574 2421 curn
585 2369 839 2420 successisset
849 2406 863 2423 ,
877 2373 1108 2417 Ciuitatem
1122 2371 1241 2415 omni
1253 2369 1472 2432 diligentia
1484 2367 1704 2415 muniebat
1714 2403 1727 2426 ‚
1741 2385 1926 2434 eamque
1936 2372 2076 2426 armis,
2089 2370 2235 2418 militi-

475 2441 556 2489 bus
567 2475 580 2499 ,
593 2440 863 2488 &frumento
875 2438 1070 2503 replebat
1082 2472 1092 2482 .
1131 2439 1288 2483 Ennius
1309 2436 1501 2483 Volusius
1518 2437 1727 2502 Magister
1744 2439 1952 2503 Equitum
1973 2437 2026 2485 ad
2048 2438 2235 2487 frumen-

477 2525 568 2556 tum
579 2544 591 2566 ,
603 2510 770 2574 aliaque
782 2509 912 2556 victui
923 2505 1152 2554 necessaria
1165 2504 1349 2552 emenda
1360 2538 1372 2560 ,
1386 2507 1426 2551 in
1438 2507 1652 2569 proximas
1662 2505 1813 2554 Insulas
1825 2507 1977 2571 pluries
1991 2506 2235 2556 transfreta-

480 2580 542 2624 uit
554 2577 684 2624 :Tres
695 2594 814 2624 arces
824 2575 1075 2623 construc‘tae
1089 2573 1181 2620 sunt
1192 2591 1204 2627 3
1214 2590 1294 2621 vna
1307 2572 1362 2619 ad
1376 2572 1668 2621 Occidentem
1679 2576 1790 2621 inter
1808 2578 1982 2622 Portam
1996 2575 2237 2636 Brodonae,

481 2653 525 2693 &
534 2645 767 2710 Templum
780 2646 954 2693 Iunonis
966 2663 976 2698 ς
989 2644 1117 2690 altera
1129 2641 1183 2689 ad
1195 2644 1366 2688 Portam
1380 2644 1676 2696 Dianae3tertia
1685 2646 1796 2689 inter
1807 2642 2001 2690 Vestales
2012 2647 2238 2710 Virgines,

482 2720 526 2761 &
538 2712 650 2761 aedes
659 2715 931 2760 Flaccorum:
955 2710 1118 2776 insuper
1131 2708 1255 2757 Vada
1276 2709 1416 2756 Corsis
1434 2710 1636 2758 militibus
1656 2711 1819 2775 repleta
1831 2711 1916 2758 est:
1938 2714 2232 2778 Populonien-

482 2781 543 2830 ses
553 2780 628 2828 fibi
638 2781 936 2829 consulebant:
951 2798 999 2827 ex
1013 2780 1165 2835 Sicilia,
1179 2784 1222 2825 &
1235 2777 1423 2826 Sardinia
1435 2779 1554 2825 multi
1565 2780 1720 2826 milites
1735 2779 1790 2826 ad
1802 2797 1881 2827 nos
1893 2816 1904 2826 .
1940 2783 2093 2829 Gneus
2104 2785 2235 2830 Pom.

484 2852 606 2917 peius
619 2850 673 2897 ad
685 2849 790 2896 fines
802 2849 969 2896 nostros
980 2845 1359 2913 appropinquabat
1372 2882 1382 2892 .
1396 2846 1570 2894 Seneses
1580 2846 1728 2912 sponte
1741 2847 2013 2896 deditionem
2025 2849 2234 2898 fecerunt.

484 2917 617 2983 Apud
629 2923 796 2983 Agrum
808 2919 1021 2965 Strouium
1035 2930 1273 2981 pugnatum
1287 2914 1368 2962 est:
1392 2915 1632 2963 nostrorum
1651 2917 1777 2962 tertia
1788 2934 1886 2981 pars
1907 2916 2135 2966 desiderata
2146 2919 2209 2967 est
2218 2944 2235 2972 ‚-

485 3001 674 3035 attamen
686 2988 874 3035 Romani
885 2988 1074 3049 receptui
1084 2985 1246 3050 signum
1258 2982 1437 3030 dedere:
1452 2984 1571 3031 multi
1583 2983 1921 3049 proscriptorum
1931 2986 2235 3036 Vulterranum

486 3057 719 3102 exercitum
729 3069 952 3102 auxerunt:
969 3054 1106 3116 plures
1119 3053 1255 3115 patriti
1260 3055 1272 3111 j
1294 3050 1502 3098 Vulterrae
1514 3054 1676 3116 recepti
1688 3051 1775 3099 sunt
1786 3088 1797 3099 .

2057 3144 2170 3209 Sylla

730 3210 2267 3235 ..ν-,ᾳ-ψς--ψ-Ι-ᾐ--ὴ-ω--Ἧ
