2406 3580
746 288 947 366 Liber
999 293 1366 375 Secundus.
1799 329 1903 388 105

288 417 333 462 H
346 431 374 462 v
385 433 402 460 s
415 432 441 460 c
455 431 487 460 o
498 434 524 461 R
535 431 563 461 v
573 432 605 460 M
647 414 875 477 imperium
903 427 1085 478 propter
1113 418 1259 465 ciuiles
1287 415 1576 474 dissensiones,
1589 421 1908 467 Lucumonibus

314 484 532 550 perpetuis
541 481 753 548 Tyrannis
765 479 1155 546 fiiffis‚prostratum
1166 484 1328 533 vidiffet
1338 487 1550 544 Ethruria‚
1563 485 1633 533 nisi
1644 488 1910 553 Pythagoras

150 556 248 603 huic
260 553 375 601 malo
387 547 641 598 sanstiffimis
651 548 818 614 legibus
829 549 1074 598 occurrisset
1085 587 1096 598 .
1132 556 1281 611 Hic,vt
1289 552 1443 602 Thusci
1455 556 1676 619 Principes
1690 558 1733 603 in
1746 573 1909 603 vnum-¹

150 626 295 672 locum
307 621 589 669 conuenirent
598 619 700 665 fecit
712 634 725 663 ε
738 631 869 682 atque
881 617 1078 666 statutum
1090 619 1150 667 est
1159 655 1172 678 ,
1184 637 1230 669 vt
1239 627 1414 671 Senatus
1425 622 1643 670 cuiussibet
1652 626 1849 672 Ciuitatis
1861 625 1908 673 si-

152 693 199 740 bi
210 691 418 756 deligeret
429 704 560 736 vnum
570 689 880 742 Lucumonem,
889 700 963 733 aut
974 686 1029 733 ad
1040 702 1160 754 temp
1167 706 1226 742 us,
1238 706 1311 738 aut
1321 706 1596 757 perpetuum,
1608 695 1680 758 qui
1694 710 1761 740 res
1772 692 1909 751 serias,

153 769 197 810 ἃ
207 760 356 808 arduas
367 773 456 804 non
467 753 771 821 cognosceret3
792 771 874 801 nec
886 771 960 802 eas
969 788 984 806 ,
1002 772 1096 819 quae
1106 756 1160 804 ad
1171 776 1323 806 omnes
1333 759 1521 808 Thuscos
1532 764 1818 825 pertinerent:
1842 759 1914 809 sed

155 831 232 877 has
243 826 445 894 generale
459 823 708 872 Concilium
719 820 942 889 dignoscat
954 845 967 869 :
982 841 1135 873 verum
1145 827 1298 892 quaelib
1304 844 1347 876 et
1358 831 1522 877 Ciuitas
1532 829 1627 877 suos
1635 830 1826 896 populos
1837 847 1914 896 gu-

157 898 314 945 bernet
327 930 339 942 .

228 967 363 1030 Igitur
384 962 630 1009 Vulterrani
648 964 878 1009 Senatores
896 963 1208 1010 conuenientes
1227 964 1270 1012 in
1280 964 1513 1031 Templum
1532 967 1684 1014 Martis
1696 967 1916 1025 elegerunt

159 1038 455 1082 Lucumonem
469 1032 511 1076 in
524 1027 679 1076 decem
691 1045 828 1077 annos
839 1030 1049 1077 Ansurem
1062 1036 1260 1078 Maurum
1272 1069 1282 1079 .
1301 1037 1368 1081 Eo
1381 1035 1590 1083 Vulterrae
1601 1019 1841 1099 imperante
1854 1034 1917 1083 su-

159 1116 361 1168 perantur
371 1114 484 1146 trans
495 1098 658 1145 Padum
673 1095 1087 1148 &GallisSenonibus
1115 1101 1314 1150 Coloniae
1325 1101 1590 1151 Thuscorum
1602 1138 1615 1150 .
1637 1103 1788 1151 Trium
1806 1105 1916 1152 Prae-

160 1188 302 1220 torum
321 1166 589 1233 Magistratus
601 1168 742 1231 primo
753 1183 917 1215 creatur
929 1201 936 1210 ·

226 1241 338 1286 Huic
349 1239 393 1283 in
407 1236 561 1284 decem
571 1236 678 1283 alios
689 1252 824 1283 annos
836 1234 1029 1285 suffectus
1040 1236 1103 1285 est
1114 1239 1275 1285 Metius
1286 1241 1508 1288 Pomarius
1520 1275 1531 1286 .
1544 1244 1704 1288 Actum
1717 1238 1777 1288 est
1787 1273 1801 1298 ‚
1821 1238 1920 1289 dum

162 1310 229 1355 liic
243 1307 534 1354 dominaretur
544 1303 745 1369 generale
758 1306 1006 1352 Concilium
1018 1305 1133 1370 apud
1145 1305 1333 1355 Rusellas
1344 1340 1356 1363 ‚
1369 1309 1412 1356 in
1423 1326 1514 1373 quo
1535 1307 1799 1356 delibeatum
1813 1311 1922 1356 auxi-

160 1379 264 1424 lium
285 1372 539 1421 Veientibus
550 1386 700 1420 contra
711 1375 940 1422 Romanos
949 1373 1236 1440 praestandum
1248 1410 1258 1421 .
1295 1375 1459 1425 Voscus
1473 1377 1668 1425 Volufius
1679 1376 1923 1426 constitutus

163 1445 225 1494 est
235 1442 320 1491 dux
330 1442 684 1489 Vulterranorum
698 1475 709 1487 .

160 1511 516 1631 ThCsompletum
528 1509 587 1557 est
598 1508 698 1557 illud
708 1507 1068 1575 praeclarisfimum
1090 1512 1327 1581 Templum
1346 1515 1801 1573 Voltumnae,tutelaris
1816 1517 1925 1562 Deae

235 1599 261 1629 u
279 1597 429 1628 corum
441 1613 451 1624 .

230 1648 331 1698 Post
340 1649 462 1697 huius
472 1648 697 1714 imperium
709 1649 934 1698 Lucumon
945 1651 1114 1718 eligitur
1122 1656 1416 1720 Pomponaeus
1427 1654 1704 1702 Vulturrenus
1717 1686 1727 1698 .
1738 1655 1840 1700 Hoc
1854 1649 1929 1699 de-

164 1721 321 1769 cennio
332 1718 541 1766 Ethruriae
555 1718 657 1765 nihil
670 1722 878 1767 memoria
892 1720 1071 1785 dignum
1082 1721 1240 1770 accidit
1250 1758 1262 1770 .

238 1787 506 1837 Substituitur
516 1801 660 1835 autem
672 1790 779 1835 Pom
784 1805 941 1853 ponaeo
960 1788 1099 1838 senior
1109 1793 1259 1839 Antius
1281 1789 1707 1855 Maurt1s‚Aruspict11n
1720 1786 1907 1853 Magister
1919 1821 1929 1833 .

168 1859 258 1906 Hic
269 1857 440 1922 Templa
452 1856 585 1904 Martis
595 1889 609 1914 ,
618 1858 839 1916 Herculis,
850 1864 893 1906 δε
905 1862 995 1907 Iani
1006 1858 1276 1908 restauranda
1288 1895 1301 1918 ‚
1315 1867 1358 1908 &
1371 1859 1565 1908 ornanda
1575 1859 1740 1906 curauit
1753 1889 1764 1904 .
1784 1853 1931 1904 Ludos

172 1928 219 1975 in
230 1926 445 1974 honorem
459 1927 637 1974 Iunonis
647 1924 826 1974 instituit
837 1962 847 1971 .

239 1996 422 2058 Vultraij
434 1995 648 2060 Templum
662 1997 816 2045 Dianae
828 1995 1080 2049 aedificauit3
1091 2015 1235 2046 arcem
1248 2000 1338 2046 eius
1349 1997 1471 2045 castri
1483 1997 1664 2044 muniuit
1678 2010 1830 2061 3quam
1844 1992 1929 2060 ipse

167 2066 323 2132 imperi
324 2081 339 2128 j
353 2062 410 2111 sui
421 2081 535 2111 anno
547 2065 699 2129 quinto
711 2063 1049 2114 reaedificauerat
1058 2101 1071 2123 ,
1084 2069 1152 2115 cui
1172 2067 1366 2133 praefecit
1377 2065 1501 2114 Esar-c
1508 2083 1578 2112 um
1592 2065 1725 2112 filium
1739 2082 1749 2110 :
1762 2062 1847 2128 ipse
1859 2080 1931 2111 ve-

171 2152 221 2183 ro
230 2168 244 2192 ‚
255 2150 355 2182 cum
366 2131 391 2181 ὲ
401 2133 604 2181 Concilio
615 2133 739 2199 quod
749 2137 909 2197 Arretij
922 2134 1115 2182 habitum
1128 2135 1288 2194 est‚dux
1301 2151 1452 2183 contra
1464 2133 1619 2182 Gallos
1633 2138 1825 2181 Senones
1836 2129 1935 2179 effet

168 2204 331 2252 elestus
341 2236 354 2260 ,
367 2203 429 2250 eis
446 2219 523 2268 per
536 2200 794 2251 Sacerdotes
806 2206 958 2251 Martis
970 2204 1082 2251 iuxta
1095 2223 1264 2253 morem
1275 2240 1288 2262 ‚
1300 2212 1345 2253 ὅτ
1356 2205 1612 2269 religionem
1630 2199 1930 2250 Thuscorum...

172 2272 333 2320 bellum
343 2271 518 2319 indixit:
532 2268 604 2318 sed
618 2273 688 2333 viij
702 2288 819 2319 anno
829 2273 1059 2337 improuisa
1071 2289 1211 2322 morte
1223 2273 1409 2321 sublatus
1419 2272 1480 2320 est
1490 2307 1502 2318 .

243 2343 435 2406 Optimo
446 2342 574 2406 igitur
585 2341 772 2405 Principi
781 2341 1018 2388 Herculem
1031 2343 1211 2390 alterum
1224 2342 1356 2390 filium
1369 2340 1631 2390 substituunts
1642 2339 1715 2403 qui
1724 2339 1770 2385 in
1784 2338 1939 2386 Gallos

175 2410 380 2458 inuadens
389 2409 511 2457 breui
524 2422 599 2456 eos
608 2407 776 2473 superat
787 2443 799 2466 ,
811 2415 856 2456 δε
868 2423 987 2465 trans
1001 2410 1237 2459 Eridanum
1249 2428 1419 2458 amnem
1434 2409 1642 2473 compulit
1656 2441 1669 2452 .

244 2483 286 2526 Is
298 2476 357 2526 ital
368 2478 408 2525 se
420 2474 542 2544 geffit
551 2479 594 2524 in
604 2479 850 2543 principatu
860 2512 874 2536 ‚
884 2492 928 2526 vt
942 2481 1145 2526 meruerit
1158 2478 1181 2526 εἰ
1195 2481 1450 2527 Vulterrano
1464 2484 1624 2526 Senatu
1644 2478 1688 2522 in
1701 2493 1737 2522 x.
1752 2475 1858 2523 alios
1869 2491 1942 2522 an-

183 2564 265 2597 nos
274 2546 523 2595 confirmari
538 2582 549 2594 .

250 2620 461 2664 Innouata
473 2614 533 2663 est
543 2614 787 2672 societas‚&
797 2617 984 2665 amicitia
996 2634 1096 2664 cum
1107 2618 1333 2669 Romanis,
1346 2632 1477 2682 quam
1487 2614 1767 2663 Vulturrenus
1776 2611 1943 2680 pridem

181 2686 336 2733 inierat
345 2702 445 2731 cum
455 2687 589 2732 Lucio
599 2683 839 2750 Tarquinio
852 2684 995 2732 Prisco
1007 2703 1156 2732 eorum
1169 2690 1295 2750 Rege
1308 2720 1316 2728 .

255 2750 459 2800 Succeffit
470 2755 512 2799 in
523 2755 764 2818 principatu
776 2755 967 2818 Arippus
978 2753 1195 2801 Volusius:
1227 2754 1297 2800 hic
1316 2752 1462 2799 Titum
1482 2752 1725 2800 Ceciimam
1743 2749 1944 2798 Herculis

187 2820 469 2872 Sacerdorem
484 2855 498 2873 2
511 2823 585 2886 qui
596 2824 821 2869 Romanos
833 2824 1007 2887 auguria
1017 2822 1198 2869 doceret
1206 2825 1398 2871 Romam
1411 2819 1516 2866 misit
1526 2837 1538 2874 3
1549 2826 1593 2868 δε
1604 2818 1853 2886 quindecim
1863 2822 1945 2864 Ar-

188 2891 399 2940 chitectos
409 2922 422 2946 ‚
435 2891 510 2953 qui
523 2889 783 2938 :edificarent
792 2889 1025 2955 Templum
1035 2891 1251 2937 Termini.

254 2957 359 3006 Post
370 2958 491 3004 huius
503 2959 787 3023 principatum
805 2958 1078 3006 Senatoribus
1100 2961 1142 3005 in
1154 2957 1365 3005 electione
1395 2957 1654 3003 Lucumonis
1674 2954 1805 3002 disere
1811 2954 1945 3018 pantia

190 3027 274 3075 bus
284 3028 482 3073 Vulterra
494 3026 569 3072 fuit
578 3025 663 3072 {ine
675 3029 872 3090 Principe
884 3025 1048 3073 menses
1059 3029 1166 3087 xviij.
1183 3026 1254 3073 sed
1265 3030 1494 3072 Senatores
1519 3023 1740 3087 separatim
1765 3023 1952 3085 populos

1768 3127 1809 3155 1·
1815 3126 1885 3174 ge-
