2406 3580
717 287 915 364 Liber
972 291 1287 389 Qartus.
1792 290 1900 368 281

156 412 389 462 desciscunt
401 436 414 460 .·
426 412 609 480 sed1p11‚
619 422 662 463 ὃ(
675 417 809 462 Poeni
821 414 875 462 ad
887 418 1186 461 Beneuentum
1196 413 1487 478 profligantur
1498 447 1512 471 ,
1539 420 1582 462 δι
1603 414 1878 461 debellantur
1888 438 1904 464 ,-

133 545 135 547 ¹
156 498 255 529 nam
267 485 310 529 in
323 499 378 529 eo
389 481 502 529 conf
505 486 601 530 lictu
615 484 735 530 cciaa
747 484 866 529 cciaa
876 484 943 528 cia
955 483 1020 528 cia
1033 483 1099 528 cia
1111 483 1191 529 cia.
1202 484 1443 529 Poenorum
1458 480 1676 530 caecidere.
1688 485 1907 546 Hierony-

157 566 252 597 mus
263 584 276 607 ,
287 553 360 616 qui
372 553 553 598 Hieroni
563 554 863 600 Romanorum
873 551 1017 597 amico
1027 553 1071 597 in
1089 547 1333 598 Siracusano
1343 553 1501 615 Regno
1521 548 1780 601 successerat,
1799 553 1906 597 Car-

154 618 470 683 thaginensibus
481 618 598 668 fauet
607 644 621 670 ,-
632 625 677 668 &
687 618 748 667 ob
760 620 937 666 nimiam
949 619 1260 665 immanitatem
1274 618 1298 665 a
1311 619 1454 666 Siculis
1467 618 1675 665 occiditur
1686 640 1700 664 .·
1726 618 1815 665 Itali
1827 620 1905 664 in..

135 687 138 690 ’
155 689 342 735 Siciliam
353 690 814 749 traijciunt,Leontium
828 692 1135 752 expugnant,&
1147 685 1374 733 Siracusam
1385 684 1804 734 obsident.Adriatici
1816 702 1906 733 ma-

154 757 211 802 ris
223 752 357 802 classis
366 757 410 803 in
422 755 692 804 Macedones
703 753 918 820 progressa
932 756 1112 801 Oricum
1124 770 1352 820 oppugnat
1353 780 1368 806 ,-
1378 770 1505 820 atque
1525 753 1668 802 hostes
1686 754 1740 803 ad
1751 760 1906 821 Appo-

152 824 314 871 loniam
329 822 510 890 fugat‚&
521 827 670 886 vincit.
681 823 891 871 Celtiberi
900 824 943 869 in
953 821 1155 886 Hispania
1167 824 1338 871 Italicos
1349 839 1498 871 contra
1509 826 1679 870 Poenos
1687 822 1904 870 adiuuant.

154 892 345 940 Annibal
360 896 402 939 in
418 894 540 940 ltalia
549 893 784 939 Tarentum
797 893 979 957 acquirit
989 926 1003 944 ,
1015 890 1089 939 sed
1101 907 1188 938 non
1199 907 1340 940 arcem
1351 917 1366 943 ,-
1379 890 1510 938 tribus
1520 892 1671 955 praelijs
1680 907 1765 939 tres
1777 889 1906 937 hosti-

153 977 227 1007 um
239 963 445 1008 exercitus
454 961 563 1026 prof
575 961 748 1026 ligat3vt
759 962 979 1024 Capuanis
991 958 1381 1025 succurreret‚qui·a
1393 961 1601 1009 Romanis
1613 958 1906 1014 obsidebatur,

153 1029 452 1094 progreditur,
466 1036 511 1077 δε
523 1029 741 1093 repellitur
750 1053 764 1080 ,-
779 1028 907 1093 ipsam
919 1030 1110 1077 Romam
1121 1027 1382 1093 aggreditur,
1395 1033 1438 1077 &
1449 1029 1508 1075 rei
1511 1029 1524 1089 j
1530 1029 1635 1074 citur
1638 1052 1653 1078 ,-
1665 1029 1705 1073 in
1717 1031 1907 1091 Campa-

151 1099 266 1145 niam
280 1097 390 1145 redit
398 1123 413 1149 ,-
434 1096 536 1146 inde
557 1099 600 1145 in
613 1098 781 1145 Brutios
802 1098 1020 1162 Rhegium
1040 1096 1262 1143 contendit
1273 1130 1283 1140 .
1317 1100 1467 1161 Capua
1479 1110 1606 1159 capta
1616 1094 1676 1141 est
1685 1120 1699 1146 ,-
1710 1095 1907 1160 Capuani

153 1171 382 1214 Senatores
392 1169 539 1231 capite
550 1165 809 1214 damnantur
819 1201 831 1212 .
868 1169 920 1212 In
932 1165 1081 1212 Siculis
1092 1164 1275 1212 Siracusa
1287 1177 1552 1230 expugnatur
1561 1187 1577 1213 ‚-
1600 1162 1750 1227 postea
1770 1169 1909 1226 Arge-

149 1236 284 1292 nium,
297 1241 340 1283 &
353 1234 480 1282 insula
493 1248 771 1300 recuperatur
784 1269 795 1280 .
836 1235 958 1280 poeni
969 1234 1011 1280 in
1021 1231 1223 1297 Hispania
1235 1235 1400 1298 magnis
1411 1230 1604 1279 cladibus
1626 1230 1800 1278 Italicos
1820 1228 1908 1276 affi-

148 1305 270 1351 ciunt
279 1329 294 1355 ,-
307 1321 404 1352 eam
418 1306 644 1369 regionem
656 1303 772 1368 pene
783 1303 1029 1366 acquirunt:
1044 1302 1254 1365 Regionis
1264 1315 1430 1365 partem
1455 1300 1634 1346 Martius
1653 1296 1735 1346 dux
1755 1296 1909 1345 defen-

147 1371 228 1427 dit3
237 1388 381 1420 verum
393 1372 567 1420 Publius
577 1372 805 1419 Cornelius
818 1372 963 1435 Scipio
976 1382 1076 1417 cum
1086 1367 1348 1417 Thuscorum
1360 1367 1482 1416 classe
1494 1369 1591 1414 illuc
1601 1369 1806 1432 nauigans
1818 1383 1907 1414 non

147 1439 285 1488 modo
296 1440 543 1505 Hispaniam
555 1475 567 1498 ‚
587 1457 717 1505 quam
730 1440 865 1487 Italici
886 1437 1111 1485 amiserant
1121 1471 1134 1494 ,
1145 1453 1392 1502 recuperat:
1413 1436 1485 1485 sed
1495 1453 1618 1484 nouae
1636 1436 1906 1500 Carthaginis

145 1511 312 1577 potitus
322 1508 605 1556 Asdrubalem
617 1512 865 1556 Poenorum
878 1506 1037 1554 ducem
1050 1505 1166 1570 apud
1177 1505 1369 1553 Betulam
1384 1504 1589 1552 vicit.Vbi
1604 1507 1785 1569 primum
1809 1503 1833 1551 ὲ
1846 1506 1904 1550 Si-

145 1579 243 1625 cilia
253 1575 431 1625 discessit
441 1581 666 1628 Romanus
680 1579 890 1625 exercitus
900 1573 1091 1634 Numide
1102 1572 1241 1622 insulae
1252 1589 1419 1640 partem
1431 1576 1707 1637 occupant‚&
1718 1569 1806 1618 cito
1819 1573 1885 1619 eie

145 1649 203 1693 &i
213 1645 307 1693 sunt
316 1681 328 1693 .
367 1647 505 1693 AEtoli
516 1645 807 1694 Macedonum
818 1643 960 1692 hostes
970 1641 1011 1690 se
1023 1642 1266 1694 declarant,
1278 1643 1377 1690 &in
1390 1659 1466 1689 eos
1476 1657 1575 1687 cum
1588 1642 1800 1688 Romanis
1813 1639 1906 1686 foe-

145 1714 225 1763 dus
237 1715 409 1763 firmant
423 1715 566 1762 Italica
579 1711 714 1761 classis
729 1716 953 1761 Zacintum
964 1746 978 1764 ,
991 1711 1197 1758 Oleniam
1208 1745 1220 1767 ‚
1233 1717 1276 1758 &
1288 1713 1464 1758 Naxum
1478 1706 1757 1755 Acarnanum
1777 1706 1905 1755 vrbes

144 1800 231 1850 pro
245 1784 396 1831 AEtolis
409 1798 652 1847 recuperat.
665 1782 907 1829 Vulterrani
920 1781 944 1827 a
959 1781 1168 1830 Romanis
1178 1777 1403 1829 deficiunt,-
1414 1795 1470 1826 eo
1482 1775 1606 1842 quod
1618 1777 1789 1823 Romani
1804 1792 1907 1839 pro-

148 1851 337 1899 miserint
349 1853 411 1899 eis
423 1851 557 1899 redde
565 1869 606 1899 re
618 1854 681 1898 Ca
687 1851 785 1915 pua,
797 1856 841 1898 ὅ(
853 1865 941 1896 non
953 1847 1236 1895 reddiderint:
1248 1864 1396 1895 verum
1409 1846 1433 1894 a
1445 1861 1562 1892 mare
1576 1843 1600 1891 a
1610 1844 1715 1891 Tito
1728 1845 1906 1891 Oetaci-

146 1922 206 1968 lio
218 1936 316 1967 cum
329 1919 450 1967 claff:
465 1921 602 1967 vexati
614 1944 628 1970 ,-
640 1919 695 1965 ab
710 1933 806 1967 ortu
819 1916 843 1964 a
855 1919 966 1965 Caio
988 1917 1254 1981 Calphurnio
1272 1932 1370 1962 cum
1389 1911 1633 1979 legionibus
1655 1911 1762 1977 prof
1763 1912 1882 1978 ligati
1893 1935 1908 1963 ,-

147 1992 192 2036 in
203 1988 320 2036 Vrbe
330 1988 354 2036 a
364 1988 502 2053 plebis
513 1986 719 2035 seditione
730 1988 904 2052 agitati,
915 2002 1015 2032 cum
1029 1986 1149 2032 poeni
1162 1982 1358 2049 promiss'a
1379 1983 1528 2030 auxilia
1548 1997 1636 2028 non
1660 1980 1909 2046 praestarent

149 2056 419 2105 deditionem
433 2056 611 2103 faciunt.
627 2058 802 2104 Romani
825 2055 1028 2101 Vulterrae
1039 2055 1254 2118 primores
1262 2051 1470 2117 castigant
1481 2076 1496 2102 ,-
1509 2066 1655 2098 arcem
1668 2047 1723 2095 ad
1744 2049 1908 2095 Labro-

151 2130 216 2173 nis
229 2140 400 2191 portum
414 2124 644 2173 aedificant.
678 2120 1006 2189 Tarquinienses
1022 2124 1119 2187 ,qui
1132 2117 1398 2168 Vulterranis'
1413 2136 1543 2185 opem
1564 2115 1867 2182 praestiterant,
1886 2114 1910 2163 a

150 2196 350 2242 Romanis
362 2193 478 2241 fram
490 2193 715 2244 suntjciues
727 2209 882 2239 omnes
892 2189 1052 2238 dedere
1064 2190 1263 2237 nolentes
1284 2188 1563 2243 occifi3etiam
1575 2185 1737 2233 Caeritt'i
1747 2187 1908 2232 Ciuitas

152 2262 415 2316 deuastatur,
437 2263 630 2327 plerique
643 2263 849 2308 Caeritum
869 2261 1030 2324 captiui
1044 2284 1057 2309 ,-
1075 2257 1217 2323 praeda
1237 2260 1377 2305 omnis
1398 2272 1574 2304 Romam
1595 2269 1656 2301 tra
1665 2254 1798 2300 nslata
1819 2252 1881 2299 est
1899 2287 1910 2299 .

153 2333 324 2380 Attalus
336 2331 433 2392 Asie
446 2348 524 2378 Rex
541 2331 780 2377 AEtolorum
791 2330 928 2375 socius
940 2328 996 2374 ab
1009 2328 1167 2374 Italicis
1179 2329 1222 2373 in
1235 2326 1467 2373 amicitiam
1487 2325 1691 2387 recipitur
1704 2355 1716 2367 .
1749 2321 1906 2385 Salapij

153 2403 349 2448 Romanis
361 2399 400 2447 se
413 2399 574 2446 dedunt
585 2433 595 2442 .
629 2399 757 2445 ltaliae
779 2398 924 2462 populi
945 2398 1098 2461 partim
1118 2397 1275 2442 Poenis
1296 2428 1309 2450 ,
1333 2395 1486 2458 partim
1509 2390 1719 2440 Romanis
1742 2388 1886 2436 fauent
1897 2423 1910 2435 .

155 2469 346 2518 Annibal
367 2471 456 2533 ‚qui
480 2471 522 2517 in
536 2469 691 2527 Brutijs
703 2481 818 2522 erat,
832 2465 947 2529 apud
966 2463 1247 2511 Herdoneam
1268 2469 1565 2511 Romanorum
1582 2460 1814 2506 exercitum
1837 2474 1912 2522 ag-

156 2536 310 2603 gressus
321 2534 598 2584 fudit.Thusci
612 2536 820 2581 Arretinis
830 2533 1009 2580 ducibus
1022 2530 1045 2579 a
1058 2533 1267 2580 Romanis
1278 2529 1500 2577 deficiunt:
1516 2534 1740 2575 Romanos
1752 2528 1912 2573 exerci-

158 2621 225 2655 tus
236 2622 286 2653 ex
297 2606 448 2670 Apulis
460 2608 502 2651 in
513 2602 741 2651 Thusciam
753 2601 990 2667 progrelius
1003 2618 1099 2648 eam
1111 2617 1232 2646 oram
1245 2599 1530 2664 depopulatur
1545 2630 1559 2653 ,
1577 2601 1621 2643 &
1635 2594 1826 2641 Thuscos
1840 2592 1914 2640 sub

162 2680 458 2721 Romanorum
469 2674 678 2720 ditionem
691 2671 862 2736 redigit.
878 2671 1130 2725 Arretini,&
1147 2669 1390 2714 Vulterrani
1409 2663 1581 2712 obsides
1598 2663 1714 2719 dare,
1735 2660 1914 2728 praesldi-

159 2757 322 2806 umque
336 2744 377 2788 in
389 2744 575 2789 Ciuitate
587 2742 779 2805 recipere
791 2753 1021 2803 coguntur.
1038 2739 1188 2793 Poeni,
1200 2743 1246 2784 &
1256 2735 1440 2782 Romani
1448 2735 1660 2780 exercitus
1678 2733 1722 2778 in
1732 2732 1914 2778 Lucanis

160 2811 371 2862 dimicant
379 2835 395 2861 ,-
406 2809 504 2858 inde
518 2813 559 2857 in
571 2811 725 2874 Apulia
737 2824 806 2855 ter
818 2806 1226 2870 confligunt:1’oeni
1236 2803 1417 2851 duorum
1427 2803 1710 2849 certaminum
1722 2798 1914 2863 superio-

160 2896 230 2928 res
242 2878 494 2936 franguntur
505 2877 648 2925 tertio:
659 2879 837 2925 Romani
848 2874 1081 2922 Tarentum
1094 2886 1348 2937 recuperant
1357 2895 1373 2922 ,-
1385 2869 1587 2918 obsident
1597 2872 1806 2915 Locrum:
1833 2869 1915 2914 Im-
1931 2917 1933 2920 ¹

161 2936 384 3014 peratores
396 2949 578 2994 Romani
595 2964 671 3011 per
681 2944 844 2993 insidias
862 2942 886 2990 a
898 2940 1302 3006 Carthaginensibus
1313 2941 1535 3004 capiuntur
1548 2956 1561 2993 3
1573 2934 1761 2984 Annibal
1773 2931 1918 2981 denuo

162 3019 208 3064 in
219 3018 402 3063 Lucania
413 3014 627 3081 superatur
638 3040 653 3065 ‚-
667 3013 892 3061 Venusiam
903 3011 943 3059 se
956 3014 1145 3075 recepit2·
1155 3008 1254 3057 inde
1269 3011 1430 3056 eiectus
1440 3012 1749 3070 Metapontum
1762 3001 1916 3049 confu-

1761 3090 1823 3154 git
1833 3111 1851 3138 s

151 3158 1757 3186 mmmm-
